%% This BibTeX bibliography file was created using BibDesk.
%% http://bibdesk.sourceforge.net/

%% Created for Daniel Romero at 2017-04-18 20:05:37 +0200 


%% Saved with string encoding Unicode (UTF-8) 


@comment{jabref-meta: databaseType:bibtex;}


@string{asilomar = {Proc. Asilomar Conf. Sig., Syst., Comput.}}

@string{camsap = {Proc. IEEE Int. Workshop Comput. Advances Multi-Sensor Adaptive Process.}}

@string{cip = {Proc. Cognitive Inf. Process.}}

@string{colt = {Proc. Annual Conf. Learning Theory}}

@string{crowncom = {Proc. Cognitive Radio Oriented Wireless Netw. Commun.}}

@string{dke = {Data \& Knowledge Engineering}}

@string{dyspan = {Proc. IEEE Int. Symp. New Frontiers Dynamic Spectrum Access Netw.}}

@string{ell = {Electron. Lett.}}

@string{ett = {Euro. Trans. Telecomms.}}

@string{eusipco = {Proc. European Sig. Process. Conf.}}

@string{ftml = {Foundations Trends Mach. Learn.}}

@string{globalsip = {Global Conf. Sig. Inf. Process.}}

@string{globecom = {Proc. IEEE Global Commun. Conf.}}

@string{icassp = {Proc. IEEE Int. Conf. Acoust., Speech, Sig. Process.}}

@string{icml = {Proc. Int. Conf. Mach. Learn.}}

@string{ieeeap = {IEEE Trans. Antennas Propag.}}

@string{ieeecm = {IEEE Commun. Mag.}}

@string{ieeeip = {IEEE Trans. Image Process.}}

@string{ieeejsac = {IEEE J. Sel. Areas Commun.}}

@string{ieeejstsp = {IEEE J. Sel. Topics Sig. Process.}}

@string{ieeelcom = {IEEE Commun. Lett.}}

@string{ieeepami = {IEEE Trans. Pattern Anal. Mach. Intel.}}

@string{ieeesensors = {IEEE Sensors J.}}

@string{ieeespl = {IEEE Sig. Process. Lett.}}

@string{ieeespm = {IEEE Sig. Process. Mag.}}

@string{ieeetassp = {IEEE Trans. Acoust., Speech, Sig. Process.}}

@string{ieeetcom = {IEEE Trans. Commun.}}

@string{ieeetifs = {IEEE Trans. Inf. Forensics Security}}

@string{ieeetit = {IEEE Trans. Inf. Theory}}

@string{ieeetmc = {IEEE Trans. Mobile Comput.}}

@string{ieeetsipn = {IEEE Trans. Sig. Info. Process. Netw.}}

@string{ieeetsp = {IEEE Trans. Sig. Process.}}

@string{ieeetvt = {IEEE Trans. Veh. Technol.}}

@string{ieeetwc = {IEEE Trans. Wireless Commun.}}

@string{ieeewc = {IEEE Wireless Commun.}}

@string{ietc = {IET Commun.}}

@string{ita = {Proc. Inf. Theory Appl. Workshop}}

@string{jmlr = {J. Mach. Learn. Res.}}

@string{joop = {J. Object-Oriented Programming}}

@string{jssc = {IEEE J. Solid-State Circuits}}

@string{lnai = {Lecture Notes Artificial Intelligence}}

@string{lncs = {Lecture Notes Comput. Sci.}}

@string{mibi = {Medizinische Informatik und Bioinformatik}}

@string{nips = {Proc. Advances Neural Inf. Process. Syst.}}

@string{procieee = {Proc. IEEE}}

@string{sam = {Proc. of IEEE Sensor Array Multichannel Sig. Process. Workshop}}

@string{spawc = {Proc. IEEE Int. Workshop Sig. Process. Advances Wireless Commun.}}

@string{ssp = {Proc. Workshop Stat. Sig. Process.}}

@string{tkde = {IEEE Trans. Knowledge and Data Engineering}}

@string{tods = {ACM Trans. Database Syst.}}

@string{tois = {ACM Trans. Inf. Syst.}}

@article{tibshirani1996regression,
	title={Regression shrinkage and selection via the lasso},
	author={Tibshirani, Robert},
	journal={Journal of the Royal Statistical Society. Series B (Methodological)},
	pages={267--288},
	year={1996},
	publisher={JSTOR}
}

@book{akhiezer2013theory,
	title={Theory of linear operators in Hilbert space},
	author={Akhiezer, Naum Il πich and Glazman, Izrail Markovich},
	year={2013},
	publisher={Courier Corporation}
}

@book{paulsen2016introduction,
	title={An introduction to the theory of reproducing kernel Hilbert spaces},
	author={Paulsen, Vern I and Raghupathi, Mrinal},
	volume={152},
	year={2016},
	publisher={Cambridge University Press}
}

@book{hayes2009statistical,
	title={Statistical digital signal processing and modeling},
	author={Hayes, Monson H},
	year={2009},
	publisher={John Wiley \& Sons}
}

@inproceedings{valcarce2017defending,
	Address = {Kos, Greece},
	Author = {L\'opez-Valcarce, R. and Romero, D.},
	Booktitle = EUSIPCO,
	Month = {Aug.},
	Title = {Defending Surveillance Sensor Networks Against Data-Injection Attacks via Trusted Nodes},
	Year = {2017}
	}


@inproceedings{ioannidis2017kriged,
	Address = {Kos, Greece},
	Author = {Ioannidis, V. and Romero, D. and Giannakis, G. B.},
	Booktitle = EUSIPCO,
	Month = {Aug.},
	Title = {Inference of Spatiotemporal Processes over Graphs via Kernel Kriged {K}alman Filtering},
	Year = {2017}
	}



@article{slavakis2013online,
  title={Online learning in reproducing kernel Hilbert spaces},
  author={Slavakis, K. and Bouboulis, P. and Theodoridis, S.},
  journal={Signal Processing Theory and Machine Learning},
  pages={883--987},
  year={2013},
  publisher={Academic Press Library in Signal Processing}
}


@article{babadi2010sparls,
	title={{SPARLS}: The sparse RLS algorithm},
	author={Babadi, Behtash and Kalouptsidis, Nicholas and Tarokh, Vahid},
	journal={IEEE Transactions on Signal Processing},
	volume={58},
	number={8},
	pages={4013--4025},
	year={2010},
	publisher={IEEE}}

@article{eksioglu2011rls,
	title={RLS algorithm with convex regularization},
	author={Eksioglu, Ender M and Tanc, A Korhan},
	journal=ieeespl,
	volume={18},
	number={8},
	pages={470--473},
	year={2011},
	publisher={IEEE}}

@article{baccala2001partial,
	title={Partial directed coherence: a new concept in neural structure determination},
	author={Baccal{\'a}, Luiz A and Sameshima, Koichi},
	journal={Biological cybernetics},
	volume={84},
	number={6},
	pages={463--474},
	year={2001},
	publisher={Springer}}

@article{granger1969investigating,
	title={Investigating causal relations by econometric models and cross-spectral methods},
	author={Granger, Clive WJ},
	journal={Econometrica: Journal of the Econometric Society},
	pages={424--438},
	year={1969},
	publisher={JSTOR}}

@inproceedings{kalofolias2016learn,
	title={How to learn a graph from smooth signals},
	author={Kalofolias, Vassilis},
	booktitle={19th Int. Conf. Artificial Intelligence and Statistics, AISTATS, Cadiz},
	year={2016},
	pages={920-929},}

@inproceedings{lake2010discovering,
	title={Discovering structure by learning sparse graph},
	author={Lake, Brenden and Tenenbaum, Joshua},
	booktitle={Proc. 32nd Annu. Meet. Cogn. Sci. Soc.,},
	year={2010},
	pages={6160-6173},}

@article{dempster1972covariance,
	title={Covariance selection},
	author={Dempster, Arthur P},
	journal={Biometrics},
	pages={157--175},
	year={1972},
	publisher={JSTOR}}

@article{wang2006simulating,
  title={Simulating correlated shadowing in mobile multihop relay/ad-hoc networks},
  author={Wang, Zhenyu and Tameh, Eustace K and Nix, Andrew},
  journal={IEEE 802.16 Broadband Wireless Access Working Group, Tech. Rep. IEEE C802. 16j-06/060},
  year={2006}}

@inproceedings{alonsoroman2016consensusbased,
	Address = {Shanghai, China},
	Author = {Alonso-Rom{\'{a}}n, D. and Beferull-Lozano, B.},
	Booktitle = ICASSP,
	Doi = {10.1109/ICASSP.2016.7472516},
	Pages = {4438--4442},
	Title = {{Adaptive consensus-based distributed detection in WSN with unreliable links}},
	Year = {2016},
	Bdsk-Url-1 = {http://dx.doi.org/10.1109/ICASSP.2016.7472516}}

@article{shen2016nonlinear,
	Author = {Shen, Y. and Baingana, B. and Giannakis, G. B.},
	Journal = {arXiv preprint arXiv:1610.06551},
	Title = {Nonlinear Structural Vector Autoregressive Models for Inferring Effective Brain Network Connectivity},
	Year = {2016}}

@article{vishwanathan2010graph,
	Author = {Vishwanathan, S Vichy N and Schraudolph, Nicol N and Kondor, Risi and Borgwardt, Karsten M},
	Journal = JMLR,
	Number = {Apr},
	Pages = {1201--1242},
	Title = {Graph kernels},
	Volume = {11},
	Year = {2010}}

@book{strang1997linear,
	Author = {Strang, G. and Borre, K.},
	Publisher = {SIAM},
	Title = {Linear Algebra, Geodesy, and GPS},
	Year = {1997}}

@inproceedings{wehmuth2015unifyingconf,
	Address = {Paris, France},
	Author = {K. Wehmuth and A. Ziviani and E. Fleury},
	Booktitle = {Int. Conf. Data Sci. Advanced Analytics},
	Doi = {10.1109/DSAA.2015.7344810},
	Month = {Oct.},
	Pages = {1-10},
	Title = {A unifying model for representing time-varying graphs},
	Year = {2015},
	Bdsk-Url-1 = {http://dx.doi.org/10.1109/DSAA.2015.7344810}}

@article{zhu2014generative,
	Author = {P. Zhu and B. Chen and J. C. Pr\'incipe},
	Doi = {10.1109/TSP.2013.2283842},
	Issn = {1053-587X},
	Journal = IEEETSP,
	Month = {Jan.},
	Number = {1},
	Pages = {141-155},
	Title = {Learning Nonlinear Generative Models of Time Series With a {K}alman Filter in {RKHS}},
	Volume = {62},
	Year = {2014},
	Bdsk-Url-1 = {http://dx.doi.org/10.1109/TSP.2013.2283842}}

@article{sandryhaila2014bigdata,
	Author = {Sandryhaila, A. and Moura, J. M. F.},
	Journal = IEEESPM,
	Number = {5},
	Pages = {80--90},
	Publisher = {IEEE},
	Title = {Big data analysis with signal processing on graphs: Representation and processing of massive data sets with irregular structure},
	Volume = {31},
	Year = {2014}}

@article{beck2009fista,
	Author = {Beck, A. and Teboulle, M.},
	Journal = {SIAM J. Imaging Sci.},
	Number = {1},
	Pages = {183--202},
	Publisher = {SIAM},
	Title = {A fast iterative shrinkage-thresholding algorithm for linear inverse problems},
	Volume = {2},
	Year = {2009}}

@article{basu2015granger,
	Author = {Basu, S. and Shojaie, A. and Michailidis, G.},
	Journal = JMLR,
	Month = {Mar.},
	Number = {2},
	Pages = {417--453},
	Title = {Network Granger causality with inherent grouping structure.},
	Volume = {16},
	Year = {2015}}

@article{granger1988causality,
	Author = {Granger, C. W. J.},
	Journal = {J. Econometrics},
	Month = {Sep.},
	Number = {1-2},
	Pages = {199--211},
	Publisher = {Elsevier},
	Title = {Some recent development in a concept of causality},
	Volume = {39},
	Year = {1988}}

@article{songsiri2010selection,
	Author = {Songsiri, J. and Vandenberghe, L.},
	Journal = JMLR,
	Number = {Oct.},
	Pages = {2671--2705},
	Title = {Topology selection in graphical models of autoregressive processes},
	Volume = {11},
	Year = {2010}}

@article{bolstad2011groupsparse,
	Author = {A. Bolstad and B. D. Van Veen and R. Nowak},
	Doi = {10.1109/TSP.2011.2129515},
	Issn = {1053-587X},
	Journal = IEEETSP,
	Month = {Jun.},
	Number = {6},
	Pages = {2628-2641},
	Title = {Causal Network Inference Via Group Sparse Regularization},
	Volume = {59},
	Year = {2011},
	Bdsk-Url-1 = {http://dx.doi.org/10.1109/TSP.2011.2129515}}

@article{lee2016lowrank,
	Author = {D. Lee and S.-J. Kim and G. B. Giannakis},
	Journal = {IEEE Trans. Wireless Commun, Submitted Nov. 2016},
	Title = {Channel gain cartography for cognitive radios leveraging low rank and sparsity},
	Year = {2016}}

@inproceedings{patwari2008correlated,
	Address = {St. Louis, MO},
	Author = {Patwari, N. and Agrawal, P.},
	Booktitle = {Int. Conf. Info. Process. Sensor Networks},
	Doi = {10.1109/IPSN.2008.7},
	Month = {Apr.},
	Pages = {82-93},
	Title = {Effects of Correlated Shadowing: Connectivity, Localization, and {RF} Tomography},
	Year = {2008},
	Bdsk-Url-1 = {http://dx.doi.org/10.1109/IPSN.2008.7}}

@inproceedings{patwari2008nesh,
	Address = {Las Vegas, NV},
	Author = {N. Patwari and P. Agrawal},
	Booktitle = ICASSP,
	Doi = {10.1109/ICASSP.2008.4518249},
	Issn = {1520-6149},
	Month = {Mar.},
	Pages = {2873-2876},
	Title = {Ne{S}h: A joint shadowing model for links in a multi-hop network},
	Year = {2008},
	Bdsk-Url-1 = {http://dx.doi.org/10.1109/ICASSP.2008.4518249}}

@inproceedings{kanso2009compressed,
	Address = {Marina del Rey, CA},
	Author = {Kanso, M. A. and Rabbat, M. G.},
	Booktitle = {Int. Conf. Distributed Comput. Sensor Syst.},
	Organization = {Springer},
	Pages = {173--186},
	Title = {Compressed {RF} tomography for wireless sensor networks: Centralized and decentralized approaches},
	Year = {2009}}

@article{patwari2011human,
	Author = {N. Patwari and J. Wilson},
	Doi = {10.1109/TIFS.2011.2146774},
	Issn = {1556-6013},
	Journal = IEEETIFS,
	Month = {Sep.},
	Number = {3},
	Pages = {791-802},
	Title = {Spatial Models for Human Motion-Induced Signal Strength Variance on Static Links},
	Volume = {6},
	Year = {2011},
	Bdsk-Url-1 = {http://dx.doi.org/10.1109/TIFS.2011.2146774}}

@inproceedings{woyach2005sensorless,
	Author = {K. Woyach and D. Puccinelli and M. Haenggi},
	Booktitle = {Int. Symp. Modeling Optimization Mobile, Ad Hoc Wireless Netw.},
	Month = {Apr.},
	Pages = {1-8},
	Title = {Sensorless Sensing in Wireless Networks: Implementation and Measurements},
	Year = {2006}}

@book{smith2010,
	Author = {Smith, N. B. and Webb, A.},
	Publisher = {Cambridge University Press},
	Title = {Introduction to Medical Imaging: Physics, Engineering and Clinical Applications},
	Year = {2010}}

@article{baranoski2008historical,
	Author = {E. J. Baranoski},
	Journal = {J. Franklin Institute},
	Month = {Sep.},
	Number = {6},
	Pages = {556 - 569},
	Title = {Through-wall imaging: Historical perspective and future directions},
	Volume = {345},
	Year = {2008}}

@article{hamilton2014modeling,
	Author = {B. R. Hamilton and X. Ma and R. J. Baxley and S. M. Matechik},
	Journal = IEEEJSTSP,
	Month = {Feb.},
	Number = {1},
	Pages = {55--65},
	Title = {Propagation modeling for radio frequency tomography in wireless networks},
	Volume = {8},
	Year = {2014}}

@article{agrawal2009correlated,
	Author = {P. Agrawal and N. Patwari},
	Journal = IEEETWC,
	Month = {Aug.},
	Number = {9},
	Pages = {4024--4036},
	Title = {Correlated link shadow fading in multi-hop wireless networks},
	Volume = {8},
	Year = {2009}}

@article{rauch1965dynamic,
	Author = {Rauch, H. E. and Striebel, C. T. and Tung, F.},
	Journal = {American Institute Aeronautics Astronautics J.},
	Number = {8},
	Pages = {1445--1450},
	Title = {Maximum likelihood estimates of linear dynamic systems},
	Volume = {3},
	Year = {1965}}

@misc{USATemp,
	Howpublished = {[Online]. Available: \url{https://www.ncdc.noaa.gov/data-access/land-based-station-data/land-based-datasets/climate-normals/1981-2010-normals-data}},
	Title = {1981-2010 {U.S.} Climate Normals}}

@misc{BEconanalysis,
	Howpublished = {[Online]. Available: \url{http://www.bea.gov/iTable/index_industry_io.cfm}},
	Title = {Bureau of Economic Analysis}}

@inproceedings{kashima2009pairwise,
	Author = {Kashima, H. and Oyama, S. and Yamanishi, Y. and Tsuda, K.},
	Booktitle = {Pacific-Asia Conf. Knowledge Discovery Data Mining},
	Organization = {Springer},
	Pages = {1030--1037},
	Title = {On pairwise kernels: {A}n efficient alternative and generalization analysis},
	Year = {2009}}

@article{weichsel1962kronecker,
	Author = {Weichsel, P. M.},
	Journal = {Proc. American Mathematical Society},
	Number = {1},
	Pages = {47--52},
	Publisher = {JSTOR},
	Title = {The {K}ronecker product of graphs},
	Volume = {13},
	Year = {1962}}

@article{kramer2008seizure,
	Author = {Kramer, M. A. and Kolaczyk, E. D. and Kirsch, H. E.},
	Journal = {Epilepsy Res.},
	Number = {2},
	Pages = {173--186},
	Publisher = {Elsevier},
	Title = {Emergent network topology at seizure onset in humans},
	Volume = {79},
	Year = {2008}}

@inproceedings{isufi2016graphtemporal,
	Address = {Budapest, Hungary},
	Author = {Isufi, E. and Loukas, A. and Simonetto, A. and Leus, G.},
	Booktitle = EUSIPCO,
	Month = {Aug.},
	Title = {Separable Autoregressive Moving Average Graph-Temporal Filters},
	Year = {2016}}

@article{kekatos2014electricity,
	Author = {Kekatos, V. and Zhang, Y. and Giannakis, G. B.},
	Journal = IEEEJSTSP,
	Number = {6},
	Pages = {1182--1193},
	Publisher = {IEEE},
	Title = {Electricity market forecasting via low-rank multi-kernel learning},
	Volume = {8},
	Year = {2014}}

@article{rajawat2014cartography,
	Author = {Rajawat, K. and Dall'Anese, E. and Giannakis, G. B.},
	Journal = IEEETIT,
	Number = {5},
	Pages = {2910--2920},
	Publisher = {IEEE},
	Title = {Dynamic network delay cartography},
	Volume = {60},
	Year = {2014}}

@article{bach2004learning,
	Author = {Bach, F. R. and Jordan, M. I.},
	Journal = IEEETSP,
	Number = {8},
	Pages = {2189--2199},
	Publisher = {IEEE},
	Title = {Learning graphical models for stationary time series},
	Volume = {52},
	Year = {2004}}

@article{wang2015distributed,
	Author = {Wang, X. and Wang, M. and Gu, Y.},
	Journal = IEEEJSTSP,
	Number = {4},
	Pages = {728--740},
	Publisher = {IEEE},
	Title = {A distributed tracking algorithm for reconstruction of graph signals},
	Volume = {9},
	Year = {2015}}

@inproceedings{ralaivola2005timeseries,
	Author = {Ralaivola, L. and D'Alch{\'e}-Buc, F.},
	Booktitle = {Proc. IEEE Int. Joint Conf. Neural Netw.},
	Organization = {IEEE},
	Pages = {1449--1454},
	Title = {Time series filtering, smoothing and learning using the kernel {K}alman filter},
	Volume = {3},
	Year = {2005}}

@article{mei2016causal,
	Author = {Mei, J. and Moura, J. M. F.},
	Journal = {arXiv preprint arXiv:1503.00173v3},
	Title = {Signal Processing on Graphs: Causal Modeling of Big Data},
	Year = {2016}}

@article{mei2017causal,
	author={J. Mei and J. M. F. Moura}, 
	journal={IEEE Transactions on Signal Processing}, 
	title={Signal Processing on Graphs: Causal Modeling of Unstructured Data}, 
	year={2017}, 
	volume={65}, 
	number={8}, 
	pages={2077-2092}, 
	keywords={Covariance matrices;Data models;Laplace equations;Signal processing;Sparse matrices;Symmetric matrices;Time series analysis;Graph signal processing;adjacency matrix;big data;causal;graph structure;network;time series}, 
	doi={10.1109/TSP.2016.2634543}, 
	ISSN={1053-587X}, 
	month={April},}

@article{lorenzo2016lms,
	Author = {P. Di Lorenzo and S. Barbarossa and P. Banelli and S. Sardellitti},
	Journal = IEEETSIPN,
	Title = {Adaptive Least Mean Squares Estimation of Graph Signals},
	Volume = {Early Access},
	Year = {2016}}

@article{segarra2016templates,
	Author = {Segarra, S. and Marques, A. G. and Mateos, G. and Ribeiro, A.},
	Journal = {arXiv preprint arXiv:1608.03008},
	Title = {Network Topology Inference from Spectral Templates},
	Year = {2016}}

@article{friedman2008graphicallasso,
	Author = {Friedman, J. and Hastie, T. and Tibshirani, R.},
	Journal = {Biostatistics},
	Number = {3},
	Pages = {432--441},
	Publisher = {Biometrika Trust},
	Title = {Sparse inverse covariance estimation with the graphical lasso},
	Volume = {9},
	Year = {2008}}

@article{banerjee2008sparsemaximumlikelihood,
	Author = {Banerjee, O. and Ghaoui, L. El and d'Aspremont, A.},
	Journal = JMLR,
	Pages = {485--516},
	Title = {Model selection through sparse maximum likelihood estimation for multivariate {G}aussian or binary data},
	Volume = {9},
	Year = {2008}}

@inproceedings{sindhwani2007semisupervised,
	Author = {Sindhwani, V. and Chu, W. and Keerthi, S. S.},
	Booktitle = {Int. Joint Conf. Artificial Intelligence},
	Pages = {1059--1064},
	Title = {Semi-Supervised {G}aussian Process Classifiers.},
	Year = {2007}}

@inproceedings{sindhwani2005transductivesemisupervised,
	Author = {Sindhwani, V. and Niyogi, P. and Belkin, M.},
	Booktitle = ICML,
	Organization = {ACM},
	Pages = {824--831},
	Title = {Beyond the point cloud: {F}rom transductive to semi-supervised learning},
	Year = {2005}}

@book{vapnik1998,
	Author = {Vapnik, V. N.},
	Publisher = {New York: Wiley},
	Title = {Statistical {L}earning {T}heory},
	Urldate = {2016-09-02},
	Volume = {1},
	Year = {1998}}

@inproceedings{wilson2009regularization,
	Address = {Blacksburg, VA},
	Author = {J. Wilson and N. Patwari and O. G. Vasquez},
	Booktitle = {Virginia Tech Symp. Wireless Personal Commun.},
	Month = {Jun.},
	Title = {Regularization methods for radio tomographic imaging},
	Year = {2009}}

@article{wilson2011throughwalls,
	Author = {J. Wilson and N. Patwari},
	Journal = IEEETMC,
	Month = {May},
	Number = {5},
	Pages = {612--621},
	Title = {See-through walls: Motion tracking using variance-based radio tomography networks},
	Volume = {10},
	Year = {2011}}

@article{wilson2010tomography,
	Author = {Wilson, J. and Patwari, N.},
	Journal = IEEETMC,
	Number = {5},
	Pages = {621--632},
	Publisher = {IEEE},
	Title = {Radio tomographic imaging with wireless networks},
	Volume = {9},
	Year = {2010}}

@article{giannakis2016decentralized,
	Author = {Giannakis, G. B. and Ling, Q. and Mateos, G. and Schizas, I. D. and Zhu, H.},
	Journal = {arXiv preprint arXiv:1503.08855},
	Title = {Decentralized learning for wireless communications and networking},
	Year = {2016}}

@article{kimeldorf1971spline,
	Author = {Kimeldorf, G. and Wahba, G.},
	Journal = {J. Mathematical Analysis Appl.},
	Number = {1},
	Pages = {82--95},
	Publisher = {Elsevier},
	Title = {Some results on {T}chebycheffian spline functions},
	Volume = {33},
	Year = {1971}}

@article{kimeldorf1971someresults,
	Author = {Kimeldorf, G. and Wahba, G.},
	Journal = {J. Math. Analysis Appl.},
	Number = {1},
	Pages = {82--95},
	Publisher = {Elsevier},
	Title = {Some results on {T}chebycheffian spline functions},
	Volume = {33},
	Year = {1971}}

@article{chen2015recovery,
	Author = {S. Chen and A. Sandryhaila and J. M. F. Moura and J. Kova{\v c}evi{\'c}},
	Doi = {10.1109/TSP.2015.2441042},
	Issn = {1053-587X},
	Journal = IEEETSP,
	Month = {Sep.},
	Number = {17},
	Pages = {4609-4624},
	Title = {Signal Recovery on Graphs: Variation Minimization},
	Volume = {63},
	Year = {2015},
	Bdsk-Url-1 = {http://dx.doi.org/10.1109/TSP.2015.2441042}}

@inproceedings{belkin2004regularization,
	Address = {Banff, Canada},
	Author = {Belkin, M. and Matveeva, I. and Niyogi, P.},
	Booktitle = COLT,
	Month = {Jul.},
	Organization = {Springer},
	Pages = {624--638},
	Title = {Regularization and semi-supervised learning on large graphs},
	Volume = {3120},
	Year = {2004}}

@misc{SwissTemperatureDataset,
	Howpublished = {[Online]. Available: \url{http://www.meteoswiss.admin.ch/home/climate/past/climate-normals/climate-diagrams-and-normal-values-per-station.html}},
	Title = {Federal {O}ffice of {M}eteorology and {C}limatology {M}eteo{S}wiss},
	Year = {2014}}

@misc{AirportsDataset,
	Howpublished = {[Online]. Available: \url{http://www.transtats.bts.gov/}},
	Title = {Bureau of {T}ransportation, {U}nited {S}tates},
	Year = {2016}}

@article{dong2015learning,
	author={X. Dong and D. Thanou and P. Frossard and P. Vandergheynst}, 
	journal={IEEE Transactions on Signal Processing}, 
	title={Learning Laplacian Matrix in Smooth Graph Signal Representations}, 
	year={2016}, 
	volume={64}, 
	number={23}, 
	pages={6160-6173}, 
	keywords={Analytical models;Kernel;Laplace equations;Signal processing;Signal processing algorithms;Signal representation;Topology;Gaussian prior;Laplacian matrix learning;factor analysis;graph signal processing;representation theory}, 
	doi={10.1109/TSP.2016.2602809}, 
	ISSN={1053-587X}, 
	month={Dec},}

@article{segarra2015percolation,
	Author = {Segarra, S. and Marques, A. G. and Leus, G. and Ribeiro, A.},
	Journal = {arXiv preprint arXiv:1507.08364},
	Title = {Reconstruction of graph signals through percolation from seeding nodes},
	Year = {2015}}

@article{marques2015aggregations,
	Author = {A. G. Marques and S. Segarra and G. Leus and A. Ribeiro},
	Issn = {1053-587X},
	Journal = IEEETSP,
	Month = {Apr.},
	Number = {7},
	Pages = {1832-1843},
	Title = {Sampling of Graph Signals With Successive Local Aggregations},
	Volume = {64},
	Year = {2016}}

@article{wang2015local,
	Author = {X. Wang and P. Liu and Y. Gu},
	Doi = {10.1109/TSP.2015.2411217},
	Issn = {1053-587X},
	Journal = IEEETSP,
	Month = {May},
	Number = {9},
	Pages = {2432-2444},
	Title = {Local-Set-Based Graph Signal Reconstruction},
	Volume = {63},
	Year = {2015},
	Bdsk-Url-1 = {http://dx.doi.org/10.1109/TSP.2015.2411217}}

@inproceedings{narang2013structured,
	Address = {Vancouver, Canada},
	Author = {Narang, S. K. and Gadde, A. and Ortega, A.},
	Booktitle = ICASSP,
	Organization = {IEEE},
	Pages = {5445--5449},
	Title = {Signal processing techniques for interpolation in graph structured data},
	Year = {2013}}

@article{tsitsvero2016uncertainty,
	Author = {Tsitsvero, M. and Barbarossa, S. and Di Lorenzo, P.},
	Journal = IEEETSP,
	Month = {Sep.},
	Number = {18},
	Pages = {4845-4860},
	Title = {Signals on graphs: Uncertainty principle and sampling},
	Volume = {64},
	Year = {2016}}

@article{7480396,
	Author = {M. Tsitsvero and S. Barbarossa and P. Di Lorenzo},
	Journal = {IEEE Transactions on Signal Processing},
	Month = {Sep.},
	Number = {18},
	Pages = {4845-4860},
	Title = {Signals on Graphs: Uncertainty Principle and Sampling},
	Volume = {64},
	Year = {2016}}

@inproceedings{gadde2015probabilistic,
	Address = {Brisbane, Australia},
	Author = {A. Gadde and A. Ortega},
	Booktitle = ICASSP,
	Doi = {10.1109/ICASSP.2015.7178573},
	Issn = {1520-6149},
	Month = {Apr.},
	Pages = {3257-3261},
	Title = {A probabilistic interpretation of sampling theory of graph signals},
	Year = {2015},
	Bdsk-Url-1 = {http://dx.doi.org/10.1109/ICASSP.2015.7178573}}

@inproceedings{narang2013localized,
	Address = {Austin, Texas},
	Author = {Narang, S. K. and Gadde, A. and Sanou, E. and Ortega, A.},
	Booktitle = GLOBALSIP,
	Organization = {IEEE},
	Pages = {491--494},
	Title = {Localized iterative methods for interpolation in graph structured data},
	Year = {2013}}

@inproceedings{lafferty2007regression,
	Address = {Vancouver, Canada},
	Author = {Lafferty, J. and Wasserman, L.},
	Booktitle = NIPS,
	Pages = {801--808},
	Title = {Statistical analysis of semi-supervised regression},
	Year = {2007}}

@inproceedings{cortes2007transductive,
	Address = {Vancouver, Canada},
	Author = {Cortes, C. and Mohri, M.},
	Booktitle = NIPS,
	Pages = {305-312},
	Title = {On transductive regression},
	Year = {2007}}

@inproceedings{chapelle1999transductive,
	Address = {Denver, Colorado},
	Author = {Chapelle, O. and Vapnik, V. and Weston, J.},
	Booktitle = NIPS,
	Pages = {42l--427},
	Title = {Transductive Inference for Estimating Values of Functions},
	Volume = {12},
	Year = {1999}}

@book{chapelle2006,
	Author = {Chapelle, O. and Sch{\"o}lkopf, B. and Zien, A. and others},
	Publisher = {MIT press Cambridge},
	Title = {Semi-supervised Learning},
	Year = {2006}}

@book{bishop2006,
	Author = {Bishop, C. M.},
	Isbn = {9780387310732},
	Lccn = {2006922522},
	Publisher = {Springer},
	Series = {Information Science and Statistics},
	Title = {Pattern Recognition and Machine Learning},
	Url = {https://books.google.com/books?id=kTNoQgAACAAJ},
	Year = {2006},
	Bdsk-Url-1 = {https://books.google.com/books?id=kTNoQgAACAAJ}}

@inproceedings{cristianini2001alignment,
	Address = {Vancouver, Canada},
	Author = {N. Cristianini and J. Shawe-Taylor and A. Elisseeff and J. S. Kandola},
	Booktitle = NIPS,
	Pages = {367--373},
	Title = {On Kernel-Target Alignment},
	Url = {http://papers.nips.cc/paper/1946-on-kernel-target-alignment.pdf},
	Year = {2001},
	Bdsk-Url-1 = {http://papers.nips.cc/paper/1946-on-kernel-target-alignment.pdf}}

@article{lanckriet2004semidefinite,
	Author = {Lanckriet, G. R. G. and Cristianini, N. and Bartlett, P. and El Ghaoui, L. and Jordan, M. I.},
	Journal = JMLR,
	Pages = {27--72},
	Publisher = {JMLR. org},
	Title = {Learning the kernel matrix with semidefinite programming},
	Volume = {5},
	Year = {2004}}

@inproceedings{lee2014cartography,
	Address = {Pacific Grove, CA},
	Author = {Lee, D. and Kim, S.-J.},
	Booktitle = ASILOMAR,
	Month = {Nov.},
	Pages = {1479 -- 1483},
	Title = {Channel gain cartography via low rank and sparsity},
	Year = {2014}}

@inproceedings{valcarce2016mdl,
	Address = {Palma de Mallorca, Spain},
	Author = {L\'opez-Valcarce, R. and Romero, D. and Sala, J. and Pages-Zamora, A.},
	Booktitle = SSP,
	Month = {Jun.},
	Title = {Distributed Multivariate Regression with Unknown Noise Covariance in the presence of Outliers: An MDL Approach},
	Year = {2016}}

@inproceedings{valcarce2016datainjection,
	Address = {Palma de Mallorca, Spain},
	Author = {L\'opez-Valcarce, R. and Romero, D.},
	Booktitle = SSP,
	Month = {Jun.},
	Title = {Design of Data-Injection Adversarial Attacks against Spatial Field Detectors},
	Year = {2016}}

@inproceedings{zhang2016multikernelssp,
	Address = {Palma de Mallorca, Spain},
	Author = {Zhang, L. and Romero, D. and Giannakis, G. B.},
	Booktitle = SSP,
	Month = {Jun.},
	Title = {Fast Convergent Algorithms for Multi-Kernel Regression},
	Year = {2016}}

@inproceedings{romero2016quickest,
	Address = {Shanghai, China},
	Author = {Romero, D. and Berberidis, D. and Giannakis, G. B.},
	Booktitle = ICASSP,
	Month = {Mar.},
	Pages = {6185-6189},
	Title = {Quickest Convergence of Online Algorithms via Data Selection},
	Year = {2016}}

@inproceedings{romero2016multikernelssp,
	Address = {Palma de Mallorca, Spain},
	Author = {Romero, D. and Ma, M. and Giannakis, G. B.},
	Booktitle = SSP,
	Month = {Jun.},
	Title = {Estimating Signals over Graphs via Multi-kernel Learning},
	Year = {2016}}

@article{zhang2016multikernel,
	Author = {Zhang, L. and Romero, D. and Giannakis, G. B.},
	Journal = {(In preparation)},
	Title = {Fast Convergent Algorithms for Multi-Kernel Regression},
	Year = {2016}}

@article{zhang2016bcfw,
	Author = {Zhang, L. and Wang, G. and Romero, D. and Giannakis, G. B.},
	Journal = {IEEE Trans. Sig. Process. (Submitted Dec.)},
	Title = {Block-Coordinate {F}rank-{W}olfe Algorithms: Feasible Step Sizes and Convergence Analysis},
	Year = {2016}}

@inproceedings{ioannidis2016spacetime,
	Author = {V. N. Ioannidis and D. Romero and G. B. Giannakis},
	Booktitle = ASILOMAR,
	Doi = {10.1109/ACSSC.2016.7869700},
	Location = {Pacific Grove, California, USA},
	Month = {Nov.},
	Pages = {1829-1833},
	Title = {Kernel-based reconstruction of space-time functions via extended graphs},
	Year = {2016},
	Bdsk-Url-1 = {http://dx.doi.org/10.1109/ACSSC.2016.7869700}}

@article{romero2017spacetime,
	Author = {Romero, D., and Ioannidis, V. N. and Giannakis, G. B.},
	Journal = {IEEE J. Sel. Topics Sig. Process. (Submitted Oct., available on arXiv)},
	Title = {Kernel-based reconstruction of space-time functions on dynamic graphs},
	Year = {2016}}

@article{romero2016kalman,
	Author = {Romero, D., and Ioannidis, V. N. and Giannakis, G. B.},
	Journal = {IEEE J. Sel. Topics Sig. Process. (Submitted Oct.)},
	Title = {Kernel-based reconstruction of space-time functions on dynamic graphs},
	Year = {2016}}

@article{romero2016channelgain,
	Author = {Romero, D. and Lee, D. and Giannakis, G. B.},
	Journal = {(In preparation)},
	Title = {Blind Radio Tomography},
	Year = {2017}}

@inproceedings{romero2016blindchannelgain,
	Address = {Greater Washington, D. C.},
	Author = {Romero, D. and Lee, D. and Giannakis, G. B.},
	Booktitle = GLOBALSIP,
	Month = {Dec.},
	pages={1110-1115}, 
	Title = {BLIND CHANNEL GAIN CARTOGRAPHY},
	Year = {2016}}

@article{romero2017multikernel,
	Author = {Romero, D. and Ma, M. and Giannakis, G. B.},
	Journal = IEEETSP,
        number={3}, 
        pages={764-778}, 
	Month = {Feb.},
	Title = {Kernel-based Reconstruction of Graph Signals},
	Volume = {65},
	Year = {2017}}

@article{romero2016multikernel,
	Author = {Romero, D. and Ma, M. and Giannakis, G. B.},
	Journal = IEEETSP,
	Month = {May},
	Pages = {2547-2560},
	Title = {Kernel-based Reconstruction of Graph Signals},
	Volume = {65},
	Year = {2017}}

@article{romero2017spectrummaps,
	Author = {Romero, D. and Kim, S-J. and Giannakis, G. B. and L\'opez-Valcarce,	R.},
	Doi = {10.1109/TSP.2017.2666775},
	Issn = {1053-587X},
	Journal = IEEETSP,
	Month = {May},
	Number = {10},
	Pages = {2547-2560},
	Title = {Learning Power Spectrum Maps from Quantized Power Measurements},
	Volume = {65},
	Year = {2017},
	Bdsk-Url-1 = {http://dx.doi.org/10.1109/TSP.2017.2666775}}

@article{romero2015spectrummaps,
	Author = {Romero, D. and Kim, S-J. and Giannakis, G. B. and L\'opez-Valcarce,	R.},
	Journal = {IEEE Trans. Sig. Process. (Submitted May)},
	Title = {Learning Power Spectrum Maps from Quantized Power Measurements},
	Year = {2016}}

@article{Romero2016,
	Author = {Romero, D. and Kim, S-J. and Giannakis, G. B. and L\'opez-Valcarce, R.},
	Journal = {IEEE Trans. Sig. Process. (Submitted May)},
	Title = {Learning Power Spectrum Maps from Quantized Power Measurements},
	Year = {2016}}

@inproceedings{predd2006distributed,
	Address = {Punta del Este, Uruguay},
	Author = {Predd, J. B. and Kulkarni, S. R. and Poor, H. V.},
	Booktitle = {IEEE Inf. Theory Workshop},
	Doi = {10.1109/ITW.2006.1633840},
	Month = {March},
	Pages = {332-336},
	Title = {Distributed Kernel Regression: An Algorithm for Training Collaboratively},
	Year = {2006},
	Bdsk-Url-1 = {http://dx.doi.org/10.1109/ITW.2006.1633840}}

@inproceedings{micchelli2005function,
	Author = {Micchelli, C. A. and Pontil, M.},
	Booktitle = JMLR,
	Pages = {1099--1125},
	Title = {Learning the kernel function via regularization},
	Year = {2005}}

@inproceedings{zhu2004nonparametric,
	Address = {Vancouver, Canada},
	Author = {Zhu, X. and Kandola, J. and Ghahramani, Z. and Lafferty, J. D.},
	Booktitle = NIPS,
	Pages = {1641--1648},
	Title = {Nonparametric transforms of graph kernels for semi-supervised learning},
	Year = {2004}}

@inproceedings{argyriou2005combining,
	Address = {Vancouver, Canada},
	Author = {Argyriou, A. and Herbster, M. and Pontil, M.},
	Booktitle = NIPS,
	Month = {Dec.},
	Pages = {67--74},
	Title = {Combining graph {L}aplacians for semi-supervised learning},
	Year = {2005}}

@inproceedings{zhou2004regularization,
	Address = {Banff, Canada},
	Author = {Zhou, D. and Sch{\"o}lkopf, B.},
	Booktitle = {ICML Workshop Stat. Relational Learn. Connections Other Fields},
	Month = {Jul.},
	Pages = {67--68},
	Title = {A regularization framework for learning from graph data},
	Volume = {15},
	Year = {2004}}

@article{marques2016aggregations,
	Author = {A. G. Marques and S. Segarra and G. Leus and A. Ribeiro},
	Doi = {10.1109/TSP.2015.2507546},
	Issn = {1053-587X},
	Journal = IEEETSP,
	Month = {Apr.},
	Number = {7},
	Pages = {1832-1843},
	Title = {Sampling of Graph Signals With Successive Local Aggregations},
	Volume = {64},
	Year = {2016},
	Bdsk-Url-1 = {http://dx.doi.org/10.1109/TSP.2015.2507546}}

@book{kolaczyck2009,
	Author = {Kolaczyk, E. D.},
	Publisher = {Springer New York},
	Title = {Statistical Analysis of Network Data: Methods and Models},
	Year = {2009}}

@article{boyd2011distributed,
	Author = {Boyd, S. and Parikh, N. and Chu, E. and Peleato, B. and Eckstein, J.},
	Journal = FTML,
	Month = {Jan.},
	Number = {1},
	Pages = {1--122},
	Publisher = {Now Publishers Inc.},
	Title = {Distributed optimization and statistical learning via the alternating direction method of multipliers},
	Volume = {3},
	Year = {2011}}

@article{sandryhaila2013discrete,
	Author = {Sandryhaila, A. and Moura, J. M. F.},
	Issn = {1053-587X},
	Journal = IEEETSP,
	Month = {Apr.},
	Number = {7},
	Pages = {1644-1656},
	Title = {Discrete Signal Processing on Graphs},
	Volume = {61},
	Year = {2013}}

@article{chen2015theory,
	Author = {Chen, S. and Varma, R. and Sandryhaila, A. and Kovacevic, J.},
	Issn = {1053-587X},
	Journal = IEEETSP,
	Month = {Dec.},
	Number = {24},
	Pages = {6510-6523},
	Title = {Discrete Signal Processing on Graphs: Sampling Theory},
	Volume = {63},
	Year = {2015}}

@article{anis2016proxies,
	Author = {Anis, A. and Gadde, A. and Ortega, A.},
	Journal = IEEETSP,
	Month = {Jul.},
	Number = {14},
	Pages = {3775-3789},
	Title = {Efficient Sampling Set Selection for Bandlimited Graph Signals Using Graph Spectral Proxies},
	Volume = {64},
	Year = {2016}}

@article{shuman2013emerging,
	Author = {Shuman, D. I. and Narang, S. K. and Frossard, P. and Ortega, A. and Vandergheynst, P.},
	Issn = {1053-5888},
	Journal = IEEESPM,
	Month = {May},
	Number = {3},
	Pages = {83-98},
	Title = {The emerging field of signal processing on graphs: Extending high-dimensional data analysis to networks and other irregular domains},
	Volume = {30},
	Year = {2013}}

@inproceedings{scholkopf2001representer,
	Author = {Sch{\"o}lkopf, B. and Herbrich, R. and Smola, A. J.},
	Booktitle = {Computational Learning Theory},
	Organization = {Springer},
	Pages = {416--426},
	Title = {A generalized representer theorem},
	Year = {2001}}

@incollection{smola2003kernels,
	Author = {Smola, A. J. and Kondor, R. I.},
	Booktitle = {Learning Theory and Kernel Machines},
	Pages = {144--158},
	Publisher = {Springer},
	Title = {Kernels and regularization on graphs},
	Year = {2003}}

@inproceedings{kondor2002diffusion,
	Address = {Sydney, Australia},
	Author = {Kondor, R. I. and Lafferty, J.},
	Booktitle = ICML,
	Month = {Jul.},
	Pages = {315--322},
	Title = {Diffusion kernels on graphs and other discrete structures},
	Year = {2002}}

@article{belkin2006manifold,
	Author = {Belkin, M. and Niyogi, P. and Sindhwani, V.},
	Journal = JMLR,
	Pages = {2399--2434},
	Title = {Manifold regularization: A geometric framework for learning from labeled and unlabeled examples},
	Volume = {7},
	Year = {2006}}

@article{forero2014dictionary,
	Author = {Forero, P. A. and Rajawat, K. and Giannakis, G. B.},
	Journal = IEEETSP,
	Month = {Jul.},
	Number = {13},
	Pages = {3305-3320},
	Title = {Prediction of Partially Observed Dynamical Processes Over Networks via Dictionary Learning},
	Volume = {62},
	Year = {2014}}

@inproceedings{cortes2009regularization,
	Address = {Montreal, Canada},
	Author = {Cortes, C. and Mohri, M. and Rostamizadeh, A.},
	Booktitle = {Conf. Uncertainty Artificial Intell.},
	Month = {Jun.},
	Pages = {109--116},
	Title = {$L_2$ regularization for learning kernels},
	Year = {2009}}

@article{gonen2011multiplekernel,
	Author = {G{\"o}nen, M. and Alpayd{\i}n, E.},
	Journal = JMLR,
	Pages = {2211--2268},
	Publisher = {JMLR. org},
	Title = {Multiple kernel learning algorithms},
	Volume = {12},
	Year = {2011}}

@article{ding2015devicetodevice,
	Author = {Ding, G. and Wang, J. and Wu, Q. and Yao, Y. and Song, F. and Tsiftsis, T. A.},
	Issn = {0733-8716},
	Journal = IEEEJSAC,
	Month = {Jan.},
	Number = {1},
	Pages = {107-121},
	Title = {Cellular-Base-Station-Assisted Device-to-Device Communications in {TV} White Space},
	Volume = {34},
	Year = {2016}}

@inproceedings{shamaiah2010greedy,
	Address = {Atlanta},
	Author = {Shamaiah, M. and Banerjee, S. and Vikalo, H.},
	Booktitle = {Proc. 49th Conf. Decision Control},
	Month = {Dec.},
	Pages = {2572--2577},
	Title = {Greedy sensor selection: {L}everaging submodularity},
	Year = {2010}}

@article{mahoney2011ftml,
	Author = {Mahoney, M.},
	Journal = {Found. Trends. Mach. Learn.},
	Number = {2},
	Pages = {123--224},
	Title = {Randomized Algorithms for Matrices and Data},
	Volume = {3},
	Year = {2011}}

@article{strohmer2009randomized,
	Author = {Strohmer, T. and Vershynin, R.},
	Journal = {J. Fourier Anal. Appl.},
	Number = {2},
	Pages = {262--278},
	Publisher = {Springer},
	Title = {A randomized {K}aczmarz algorithm with exponential convergence},
	Volume = {15},
	Year = {2009}}

@article{shalev2011online,
	Author = {Shalev-Shwartz, S.},
	Journal = {Found. Trends Mach. Learn.},
	Number = {2},
	Pages = {107--194},
	Title = {Online learning and online convex optimization},
	Volume = {4},
	Year = {2011}}

@book{young1974,
	Author = {Young, T. Y and Calvert, T. W.},
	Publisher = {North-Holland},
	Title = {Classification, {E}stimation and {P}attern {R}ecognition},
	Year = {1974}}

@article{you2013scheduled,
	Author = {You, K. and Xie, L. and Song, S.},
	Journal = IEEETSP,
	Month = {Jul.},
	Number = {14},
	Pages = {3521--3531},
	Title = {Asymptotically optimal parameter estimation with scheduled measurements},
	Volume = {61},
	Year = {2013}}

@article{zheng2014sequential,
	Author = {Zheng, Y. and Niu, R. and Varshney, P. K.},
	Journal = IEEETSP,
	Month = {Oct.},
	Number = {10},
	Pages = {2626--2641},
	Publisher = {IEEE},
	Title = {Sequential {B}ayesian estimation with censored data for multi-sensor systems},
	Volume = {62},
	Year = {2014}}

@article{liu2014survey,
	Author = {Liu, Q. and Wang, Z. and He, X. and Zhou, D. H.},
	Journal = {Sys. Sci. Control Eng. Open Access J.},
	Number = {1},
	Pages = {90--97},
	Publisher = {Taylor \& Francis},
	Title = {A survey of event-based strategies on control and estimation},
	Volume = {2},
	Year = {2014}}

@inproceedings{battistelli2012data,
	Address = {Grand Wailea, Maui},
	Author = {Battistelli, G. and Benavoli, A. and Chisci, L.},
	Booktitle = {Proc. 51st Conf. Decision Control},
	Pages = {800--805},
	Title = {Data-driven strategies for selective data transmission in sensor networks},
	Year = {2012}}

@inproceedings{agaskar2014kaczmarz,
	Address = {Atlanta},
	Author = {Agaskar, A. and Wang, C. and Lu, Y. M.},
	Booktitle = {Proc. Global Conf. Sig. Info. Proc.},
	Month = {Dec.},
	Pages = {389--393},
	Title = {Randomized {K}aczmarz algorithms: Exact {MSE} analysis and optimal sampling probabilities},
	Year = {2014}}

@article{needell2014kaczmarz,
	Author = {D. Needell and N. Srebro and R. Ward},
	Journal = {ArXiv e-prints. [Online]. Available: arXiv:1310.5715v2.},
	Title = {Stochastic gradient descent and the randomized {K}aczmarz algorithm},
	Year = {2014}}

@article{joshi2009selection,
	Author = {Joshi, S. and Boyd, S.},
	Journal = IEEETSP,
	Number = {2},
	Pages = {451--462},
	Publisher = {IEEE},
	Title = {Sensor selection via convex optimization},
	Volume = {57},
	Year = {2009}}

@misc{berberidis2015online,
	Author = {Berberidis, D. and Kekatos, V. and Giannakis, G. B.},
	Howpublished = {Preprint at \url{http://arXiv.org/abs/1507.07536}},
	Title = {Online Censoring for Large-Scale Regressions with Application to Streaming Big Data},
	Year = {2015}}

@inproceedings{berberidis2015censoring,
	Address = {Brisbane, Australia},
	Author = {Berberidis, D. and Kekatos, V. and Wang, G. and Giannakis, G. B.},
	Booktitle = ICASSP,
	Doi = {10.1109/ICASSP.2015.7179018},
	Month = {April},
	Pages = {5475-5479},
	Title = {Adaptive censoring for large-scale regressions},
	Year = {2015},
	Bdsk-Url-1 = {http://dx.doi.org/10.1109/ICASSP.2015.7179018}}

@article{slavakis2014modeling,
	Author = {Slavakis, K. and Giannakis, G. B. and Mateos, G.},
	Doi = {10.1109/MSP.2014.2327238},
	Issn = {1053-5888},
	Journal = IEEESPM,
	Month = {Sept},
	Number = {5},
	Pages = {18-31},
	Title = {Modeling and Optimization for Big Data Analytics: (Statistical) learning tools for our era of data deluge},
	Volume = {31},
	Year = {2014},
	Bdsk-Url-1 = {http://dx.doi.org/10.1109/MSP.2014.2327238}}

@article{gudmundson1991correlation,
	Author = {Gudmundson, M.},
	Journal = {Electron. Letters},
	Number = {23},
	Pages = {2145--2146},
	Publisher = {IET},
	Title = {Correlation model for shadow fading in mobile radio systems},
	Volume = {27},
	Year = {1991}}

@inproceedings{valcarce2015attack,
	Address = {Nice, France},
	Author = {L{\'o}pez-Valcarce, R. and Romero, D.},
	Booktitle = EUSIPCO,
	Pages = {2053--2057},
	Title = {Attack detectors for data aggregation in clustered sensor networks},
	Year = {2015},
	Month ={Aug.}}

@inproceedings{schmidt2014lowpower,
	Address = {Lisbon, Portugal},
	Author = {Schmidt, J. F. and Romero, D. and L{\'o}pez-Valcarce, R.},
	Booktitle = EUSIPCO,
	Pages = {581--585},
	Title = {Low-power active interference cancellation for {OFDM} spectrum sculpting},
	Year = {2014}}

@article{sun2013survey,
	Author = {Sun, H. and Nallanathan, A. and Wang, C.-X. and Chen, Y.},
	Doi = {10.1109/MWC.2013.6507397},
	Issn = {1536-1284},
	Journal = IEEEWC,
	Month = {April},
	Number = {2},
	Pages = {74-81},
	Title = {Wideband spectrum sensing for cognitive radio networks: a survey},
	Volume = {20},
	Year = {2013},
	Bdsk-Url-1 = {http://dx.doi.org/10.1109/MWC.2013.6507397}}

@article{fcc2002policy,
	Author = {Federal\textcolor{white}{u}Communications\textcolor{white}{u}Commission},
	Journal = {ET Docket No. 02-135},
	Month = {Nov.},
	Title = {Spectrum Policy Task Force},
	Year = {2002}}

@article{ollila2011circularity,
	Author = {Ollila, E. and Eriksson, J. and Koivunen, V.},
	Journal = IEEETSP,
	Month = Jan,
	Number = {1},
	Owner = {jvia},
	Pages = {58-69},
	Timestamp = {2011.06.06},
	Title = {Complex Elliptically Symmetric Random Variables-Generation, Characterization, and Circularity Tests},
	Volume = {59},
	Year = {2011}}

@article{argg2006tsp,
	Author = {Ribeiro, A. and Giannakis, G. B.},
	Journal = IEEETSP,
	Month = March/July,
	Number = {3/7},
	Owner = {jvia},
	Pages = {1131-1143/2784-2796},
	Timestamp = {2011.06.06},
	Title = {Bandwidth-Constrained Distributed Estimation for Wireless Sensor Networks: Part {I}/{II}},
	Volume = {54},
	Year = {2006}}

@article{johnston1988perceptual,
	Author = {J. D. Johnston},
	Journal = IEEEJSAC,
	Number = {2},
	Owner = {jvia},
	Pages = {314--323},
	Timestamp = {2012.02.23},
	Title = {Transform coding of audio signals using perceptual noise criteria},
	Volume = {6},
	Year = {1988}}

@article{bartlett1937properties,
	Author = {M. S. Bartlett},
	Journal = {Proc. Royal Soc. London. Series A, Math. Phys. Sci.},
	Month = May,
	Owner = {jvia},
	Pages = {268-282},
	Timestamp = {2012.02.23},
	Title = {Properties of Sufficiency and Statistical Tests},
	Volume = {160},
	Year = {1937}}

@article{cisco2015forecast,
	Author = {Cisco\textcolor{white}{u}Systems},
	Month = {Feb.},
	Title = {Cisco Visual Networking Index: Global Mobile Data Traffic Forecast Update 2013--2018. {W}hite paper, {F}eb. 2015},
	Year = {2015}}

@article{ssc2010survey,
	Author = {Shared\textcolor{white}{u}Spectrum\textcolor{white}{u}Company},
	Month = {Sep.},
	Title = {General Survey of Radio Frequency Bands -- 30 {MH}z to 3 {GH}z. {T}echnical Report},
	Year = {2010}}

@inproceedings{nasif2013highdimensional,
	Author = {Nasif, A. O. and Tian, Z. and Ling, Q.},
	Booktitle = ICASSP,
	Organization = {IEEE},
	Pages = {4658--4662},
	Title = {High-dimensional sparse covariance estimation for random signals},
	Year = {2013}}

@inproceedings{chen2007adaptive,
	Author = {Chen, L. and Wang, J. and Li, S.},
	Booktitle = {Proc. Int. Symp. Wireless Commun. Syst.},
	Date-Modified = {2017-04-18 18:05:32 +0000},
	Doi = {10.1109/ISWCS.2007.4392407},
	Month = {Oct.},
	Pages = {582-586},
	Title = {An Adaptive Cooperative Spectrum Sensing Scheme Based on the Optimal Data Fusion Rule},
	Year = {2007},
	Bdsk-Url-1 = {http://dx.doi.org/10.1109/ISWCS.2007.4392407}}

@inproceedings{ma2009khatrirao,
	Author = {Ma, W.-K. and Hsieh, T.-H. and Chi, C.-Y.},
	Booktitle = ICASSP,
	Pages = {2165--2168},
	Title = {{DOA} estimation of quasi-stationary signals via {K}hatri-{R}ao subspace},
	Year = {2009}}

@article{pal2015pushing,
	Author = {Pal, P. and Vaidyanathan, P.P.},
	Doi = {10.1109/TSP.2014.2385033},
	Issn = {1053-587X},
	Journal = IEEETSP,
	Month = {Feb},
	Number = {3},
	Pages = {711-726},
	Title = {Pushing the Limits of Sparse Support Recovery Using Correlation Information},
	Volume = {63},
	Year = {2015},
	Bdsk-Url-1 = {http://dx.doi.org/10.1109/TSP.2014.2385033}}

@article{walden1999adc,
	Author = {Walden, R. H.},
	Journal = IEEEJSAC,
	Number = {4},
	Pages = {539--550},
	Publisher = {IEEE},
	Title = {Analog-to-digital converter survey and analysis},
	Volume = {17},
	Year = {1999}}

@article{murmann2010trends,
	Author = {Murmann, B.},
	Journal = {IEICE Trans. Electron.},
	Number = {6},
	Pages = {718--729},
	Title = {Trends in low-power, digitally assisted {A}/{D} conversion},
	Volume = {93},
	Year = {2010}}

@article{xia2005welch,
	Author = {Xia, P. and Zhou, S. and Giannakis, G. B.},
	Journal = IEEETIT,
	Number = {5},
	Pages = {1900--1907},
	Publisher = {IEEE},
	Title = {Achieving the {W}elch bound with difference sets},
	Volume = {51},
	Year = {2005}}

@article{alvarezdiaz2010moments,
	Author = {\'Alvarez-Diaz, M. and L\'opez-Valcarce, R. and Mosquera, C.},
	Doi = {10.1109/TSP.2009.2036069},
	Issn = {1053-587X},
	Journal = IEEETSP,
	Month = {Mar.},
	Number = {3},
	Pages = {1515-1526},
	Title = {SNR Estimation for Multilevel Constellations Using Higher-Order Moments},
	Volume = {58},
	Year = {2010},
	Bdsk-Url-1 = {http://dx.doi.org/10.1109/TSP.2009.2036069}}

@article{abramovich1998completion1,
	Author = {Abramovich, Y. I. and Gray, D. A. and Gorokhov, A. Y. and Spencer, N. K.},
	Doi = {10.1109/78.709534},
	File = {:/home/dani/thesis/docear/../bib/array_processing/abramovich1998completion1.pdf:PDF},
	Issn = {1053-587X},
	Journal = IEEETSP,
	Number = {9},
	Pages = {2458-2471},
	Title = {Positive-definite {T}oeplitz completion in {DOA} estimation for nonuniform linear antenna arrays. {P}art {I}: {F}ully augmentable arrays},
	Volume = {46},
	Year = {1998},
	Bdsk-Url-1 = {http://dx.doi.org/10.1109/78.709534}}

@article{abramovich1999completion2,
	Author = {Abramovich, Y. I. and Spencer, N. K. and Gorokhov, A. Y.},
	Doi = {10.1109/78.765119},
	Issn = {1053-587X},
	Journal = IEEETSP,
	Number = {6},
	Pages = {1502-1521},
	Title = {Positive-definite {T}oeplitz completion in {DOA} estimation for nonuniform linear antenna arrays. {P}art {II}: {P}artially augmentable arrays},
	Volume = {47},
	Year = {1999},
	Bdsk-Url-1 = {http://dx.doi.org/10.1109/78.765119}}

@article{ahmad2012stratified,
	Author = {Ahmad, B.I. and Tarczynski, A.},
	Doi = {10.1109/TWC.2011.111611.102278},
	Issn = {1536-1276},
	Journal = IEEETWC,
	Number = {1},
	Pages = {178-187},
	Title = {Spectral Analysis of Stratified Sampling: A Means to Perform Efficient Multiband Spectrum Sensing},
	Volume = {11},
	Year = {2012},
	Bdsk-Url-1 = {http://dx.doi.org/10.1109/TWC.2011.111611.102278}}

@article{akyildiz2002survey,
	Author = {Akyildiz, I.F. and Su, W. and Sankarasubramaniam, Y. and Cayirci, E.},
	Journal = IEEECM,
	Number = {8},
	Pages = {102--114},
	Publisher = {IEEE},
	Title = {A survey on sensor networks},
	Volume = {40},
	Year = {2002}}

@inproceedings{alamgir2008multipleantennas,
	Author = {Alamgir, M. and Faulkner, M. and Gao, J. and Conder, P.},
	Booktitle = {Proc. IEEE Int. Symp. Wireless Commun. Syst.},
	Pages = {488--492},
	Title = {Signal detection for cognitive radio using multiple antennas},
	Year = {2008}}

@inproceedings{alayafeki2008cartography,
	Author = {Alaya-Feki, A. and Jemaa, S. B. and Sayrac, B. and Houze, P. and Moulines, E.},
	Booktitle = {Proc. IEEE Int. Symp. Personal, Indoor Mobile Radio Commun.},
	Pages = {1-5},
	Title = {Informed spectrum usage in cognitive radio networks: Interference cartography},
	Year = {2008}}

@article{albertazzi2005dvbs2,
	Author = {Albertazzi, G. and Cioni, S. and Corazza, G.E. and Neri, M. and Pedone, R. and Salmi, P. and Vanelli-Coralli, A. and Villanti, M.},
	Doi = {10.1109/MWC.2005.1561946},
	Issn = {1536-1284},
	Journal = IEEETWC,
	Month = {Dec.},
	Number = {6},
	Pages = {62-68},
	Title = {On the adaptive DVB-S2 physical layer: design and performance},
	Volume = {12},
	Year = {2005},
	Bdsk-Url-1 = {http://dx.doi.org/10.1109/MWC.2005.1561946}}

@article{amirmazlaghani2009speckle,
	Author = {Amirmazlaghani, M. and Amindavar, H. and Moghaddamjoo, A.},
	Doi = {10.1109/TIP.2008.2009857},
	Issn = {1057-7149},
	Journal = IEEEIP,
	Number = {2},
	Pages = {250-259},
	Title = {Speckle Suppression in {SAR} Images Using the 2-{D} {GARCH} Model},
	Volume = {18},
	Year = {2009},
	Bdsk-Url-1 = {http://dx.doi.org/10.1109/TIP.2008.2009857}}

@book{anderson,
	Author = {Anderson, T. W.},
	Edition = {3rd},
	Publisher = {John Wiley and Sons},
	Title = {An introduction to multivariate statistical analysis},
	Year = {2003}}

@article{anderson1963pca,
	Author = {Anderson, Theodore Wilbur},
	Journal = {Annals Math. Stat.},
	Number = {1},
	Pages = {122--148},
	Publisher = {JSTOR},
	Title = {Asymptotic theory for principal component analysis},
	Volume = {34},
	Year = {1963}}

@book{anderson1958,
	Author = {Anderson, T. W.},
	Publisher = {Wiley New York},
	Title = {An introduction to multivariate statistical analysis},
	Volume = {2},
	Year = {1958}}

@article{angelosante2010online,
	Author = {Angelosante, D. and Bazerque, J. A. and Giannakis, G. B.},
	Doi = {10.1109/TSP.2010.2046897},
	Issn = {1053-587X},
	Journal = IEEETSP,
	Month = {Jul.},
	Number = {7},
	Pages = {3436-3447},
	Title = {Online Adaptive Estimation of Sparse Signals: Where RLS Meets the $\ell_1$-Norm},
	Volume = {58},
	Year = {2010}}

@article{anton2001markov,
	Author = {Anton-Haro, C. and Fonollosa, J. A. R. and Fauli, C. and Fonollosa, J.R.},
	Doi = {10.1109/25.933319},
	Issn = {0018-9545},
	Journal = IEEETVT,
	Month = {May},
	Number = {3},
	Pages = {867-873},
	Title = {On the inclusion of channel's time dependence in a hidden Markov model for blind channel estimation},
	Volume = {50},
	Year = {2001},
	Bdsk-Url-1 = {http://dx.doi.org/10.1109/25.933319}}

@inproceedings{argyriou2014unifying,
	Address = {Beijing, China},
	Author = {Argyriou, A. and Dinuzzo, F.},
	Booktitle = {Proc. Int. Conf. Mach. Learning},
	Month = {Jun.},
	Title = {A Unifying View of Representer Theorems},
	Year = {2014}}

@inproceedings{ariananda2014cyclic,
	Author = {Ariananda, D. D. and Leus, G.},
	Booktitle = ICASSP,
	Doi = {10.1109/ICASSP.2014.6853554},
	Month = {May},
	Pages = {41-45},
	Title = {Non-uniform sampling for compressive cyclic spectrum reconstruction},
	Year = {2014},
	Bdsk-Url-1 = {http://dx.doi.org/10.1109/ICASSP.2014.6853554}}

@article{ariananda2013doacorrelated,
	Author = {Ariananda, D. D. and Leus, G.},
	Journal = {Sig. Processing},
	Number = {12},
	Pages = {3435--3448},
	Publisher = {Elsevier},
	Title = {Direction of arrival estimation for more correlated sources than active sensors},
	Volume = {93},
	Year = {2013}}

@inproceedings{ariananda2012cooperative,
	Author = {Ariananda, D. D. and Leus, G.},
	Booktitle = ASILOMAR,
	Doi = {10.1109/ACSSC.2012.6489012},
	Issn = {1058-6393},
	Location = {Pacific Grove, California, USA},
	Month = {Nov.},
	Pages = {303-307},
	Title = {Cooperative compressive wideband power spectrum sensing},
	Year = {2012},
	Bdsk-Url-1 = {http://dx.doi.org/10.1109/ACSSC.2012.6489012}}

@article{ariananda2012psd,
	Author = {Ariananda, D. D. and Leus, G.},
	Journal = IEEETSP,
	Number = {9},
	Pages = {4775--4789},
	Publisher = {IEEE},
	Title = {Compressive Wideband Power Spectrum Estimation},
	Volume = {60},
	Year = {2012}}

@inproceedings{ariananda2011multicoset,
	Author = {Ariananda, D. D. and Leus, G. and Tian, Z.},
	Booktitle = {Proc. Int. Conf. Digit. Sig. Process.},
	Doi = {10.1109/ICDSP.2011.6005003},
	Issn = {Pending},
	Month = {Jul.},
	Pages = {1-8},
	Title = {Multi-coset sampling for power spectrum blind sensing},
	Year = {2011},
	Bdsk-Url-1 = {http://dx.doi.org/10.1109/ICDSP.2011.6005003}}

@article{ariananda2015periodogram,
	Author = {Ariananda, D. D. and Romero, D. and Leus, G.},
	Journal = IEEETSP,
	Number = {16},
	Pages = {4149--4164},
	Title = {Compressive Periodogram Reconstruction Using Uniform Binning},
	Volume = {63},
	month = {Aug.},
	Year = {2015}}

@inproceedings{ariananda2014cooperative,
	Address = {A Corunha, Spain},
	Author = {Ariananda, D. D. and Romero, D. and Leus, G.},
	Booktitle = SAM,
	Month = {Jun.},
	Pages = {97-100},
	Title = {Cooperative Compressive Power Spectrum Estimation},
	Year = {2014}}

@inproceedings{ariananda2013periodogram,
	Address = {San Martin, France},
	Author = {Ariananda, D. D. and Romero, D. and Leus, G.},
	Booktitle = CAMSAP,
	Month = {Dec},
	Pages = {440-443},
	Title = {Compressive Angular and Frequency Periodogram Reconstruction for Multiband Signals},
	Year = {2013}}

@article{aubry2012covariance,
	Author = {Aubry, A. and De Maio, A. and Pallotta, L. and Farina, A.},
	Doi = {10.1109/TSP.2012.2190408},
	Issn = {1053-587X},
	Journal = IEEETSP,
	Month = {Jun.},
	Number = {6},
	Pages = {3004-3021},
	Title = {Maximum Likelihood Estimation of a Structured Covariance Matrix With a Condition Number Constraint},
	Volume = {60},
	Year = {2012},
	Bdsk-Url-1 = {http://dx.doi.org/10.1109/TSP.2012.2190408}}

@misc{audiffren2013operatorvalued,
	Author = {Audiffren, J. and Kadri, H.},
	Howpublished = {Preprint at \url{http://arXiv.org/abs/1311.0222}},
	Title = {Online Learning with Multiple Operator-valued Kernels},
	Year = {2013}}

@article{axell2011ofdm,
	Author = {Axell, E. and Larsson, E. G.},
	Issn = {0733-8716},
	Journal = IEEEJSAC,
	Number = {2},
	Pages = {290--304},
	Publisher = {IEEE},
	Title = {{Optimal and Sub-Optimal Spectrum Sensing of {OFDM} Signals in Known and Unknown Noise Variance}},
	Volume = {29},
	Year = {2011}}

@inproceedings{axell2010sensing,
	Author = {Axell, E. and Leus, G. and Larsson, E. G.},
	Booktitle = CIP,
	Pages = {322--327},
	Title = {Overview of spectrum sensing for cognitive radio},
	Year = {2010}}

@article{axell2012tutorial,
	Author = {Axell, E. and Leus, G. and Larsson, E. G. and Poor, H. V.},
	Doi = {10.1109/MSP.2012.2183771},
	Issn = {1053-5888},
	Journal = IEEESPM,
	Month = {May},
	Number = {3},
	Pages = {101-116},
	Title = {Spectrum Sensing for Cognitive Radio: State-of-the-Art and Recent Advances},
	Volume = {29},
	Year = {2012},
	Bdsk-Url-1 = {http://dx.doi.org/10.1109/MSP.2012.2183771}}

@inproceedings{stoica2012multivariate,
	Author = {Babu, P. and Stoica, P.},
	Booktitle = EUSIPCO,
	Issn = {2219-5491},
	Pages = {445-449},
	Title = {Sparse spectral-line estimation for nonuniformly sampled multivariate time series: {SPICE}, {LIKES} and {MSBL}},
	Year = {2012}}

@inproceedings{baddour2009clustering,
	Author = {Baddour, K. E. and Ureten, O. and Willink, T. J.},
	Booktitle = {Comput. Commun. and Networks, 2009. ICCCN 2009. Proceedings of 18th Internatonal Conf. on},
	Doi = {10.1109/ICCCN.2009.5235219},
	Issn = {1095-2055},
	Month = {Aug.},
	Pages = {1-6},
	Title = {Efficient Clustering of Cognitive Radio Networks Using Affinity Propagation},
	Year = {2009},
	Bdsk-Url-1 = {http://dx.doi.org/10.1109/ICCCN.2009.5235219}}

@article{bahl1974bcjr,
	Author = {Bahl, L. and Cocke, J. and Jelinek, F. and Raviv, J.},
	Doi = {10.1109/TIT.1974.1055186},
	Issn = {0018-9448},
	Journal = IEEETIT,
	Month = {Mar.},
	Number = {2},
	Pages = {284-287},
	Title = {Optimal decoding of linear codes for minimizing symbol error rate (Corresp.)},
	Volume = {20},
	Year = {1974},
	Bdsk-Url-1 = {http://dx.doi.org/10.1109/TIT.1974.1055186}}

@inproceedings{balcan2006agnostic,
	Author = {Balcan, M. F. and Beygelzimer, A. and Langford, J.},
	Booktitle = {Proc. of the 23rd international conference on Machine learning},
	Organization = {ACM},
	Pages = {65--72},
	Title = {Agnostic active learning},
	Year = {2006}}

@article{bangs1971beamformers,
	Author = {Bangs, W. J.},
	Journal = {PhD, Yale University, New Haven, CT},
	Title = {Array processing with generalized beamformers', 1971}}

@article{baraniuk2008simpleproof,
	Author = {Baraniuk, R. and Davenport, M. and DeVore, R. and Wakin, M.},
	Journal = {Constructive Approximation},
	Number = {3},
	Pages = {253--263},
	Publisher = {Springer},
	Title = {A simple proof of the restricted isometry property for random matrices},
	Volume = {28},
	Year = {2008}}

@incollection{barbarossa2001fading,
	Author = {Barbarossa, S. and Scaglione, A.},
	Booktitle = {Proc. Signal Process. Advances in Wireless and Mobile Commun.},
	Chapter = {4},
	Editor = {Giannakis, G. B. and Tong, L. and Stoica, P. and Hua, Y.},
	Publisher = {Prentice Hall},
	Title = {Time-varying fading channels},
	Year = {2001}}

@article{bazerque2010sparsity,
	Author = {Bazerque, J.-A. and Giannakis, G. B.},
	Doi = {10.1109/TSP.2009.2038417},
	Issn = {1053-587X},
	Journal = IEEETSP,
	Month = {Mar.},
	Number = {3},
	Pages = {1847-1862},
	Title = {Distributed Spectrum Sensing for Cognitive Radio Networks by Exploiting Sparsity},
	Volume = {58},
	Year = {2010},
	Bdsk-Url-1 = {http://dx.doi.org/10.1109/TSP.2009.2038417}}

@article{bazerque2011splines,
	Author = {Bazerque, J.-A. and Mateos, G. and Giannakis, G. B.},
	Doi = {10.1109/TSP.2011.2160858},
	Issn = {1053-587X},
	Journal = IEEETSP,
	Month = {Oct.},
	Number = {10},
	Pages = {4648-4663},
	Title = {Group-Lasso on Splines for Spectrum Cartography},
	Volume = {59},
	Year = {2011},
	Bdsk-Url-1 = {http://dx.doi.org/10.1109/TSP.2011.2160858}}

@phdthesis{becker2011thesis,
	Author = {Becker, S.},
	School = {California Institute of Technology},
	Title = {Practical Compressed Sensing: Modern Data Acquisition and Signal Processing},
	Year = {2011}}

@article{behrens1994oblique,
	Author = {Behrens, R.T. and Scharf, L. L.},
	Doi = {10.1109/78.286957},
	Issn = {1053-587X},
	Journal = IEEETSP,
	Month = {jun},
	Number = {6},
	Pages = {1413-1424},
	Title = {Signal processing applications of oblique projection operators},
	Volume = {42},
	Year = {1994},
	Bdsk-Url-1 = {http://dx.doi.org/10.1109/78.286957}}

@article{benedetto1998interleaved,
	Author = {Benedetto, S. and Divsalar, D. and Montorsi, G. and Pollara, F.},
	Doi = {10.1109/18.669119},
	Issn = {0018-9448},
	Journal = IEEETIT,
	Month = {May},
	Number = {3},
	Pages = {909-926},
	Title = {Serial concatenation of interleaved codes: performance analysis, design, and iterative decoding},
	Volume = {44},
	Year = {1998},
	Bdsk-Url-1 = {http://dx.doi.org/10.1109/18.669119}}

@article{benedetto1997siso,
	Author = {Benedetto, S. and Divsalar, D. and Montorsi, G. and Pollara, F.},
	Doi = {10.1109/4234.552145},
	Issn = {1089-7798},
	Journal = {Commun. Letters, IEEE},
	Month = {Jan.},
	Number = {1},
	Pages = {22-24},
	Title = {A soft-input soft-output APP module for iterative decoding of concatenated codes},
	Volume = {1},
	Year = {1997},
	Bdsk-Url-1 = {http://dx.doi.org/10.1109/4234.552145}}

@book{berlinet2004,
	Author = {Berlinet, A. and Thomas-Agnan, C.},
	Publisher = {Springer},
	Title = {Reproducing Kernel {H}ilbert Spaces in Probability and Statistics},
	Year = {2004}}

@book{bernstein2011,
	Author = {Bernstein, D. S.},
	Publisher = {Princeton University Press},
	Title = {Matrix mathematics: theory, facts, and formulas},
	Year = {2011}}

@book{bernstein2009,
	Author = {Bernstein, D. S.},
	Publisher = {Princeton University Press.},
	Title = {Matrix mathematics. Theory, facts, and formulas. 2nd expanded ed},
	Year = {2009}}

@article{besson2006rankone,
	Author = {O. Besson and S. Kraut and L. L. Scharf},
	Journal = IEEETSP,
	Month = {Jul.},
	Number = {7},
	Pages = {2835--2839},
	Title = {Detection of an unknown rank-one component in white noise},
	Volume = {54},
	Year = {2006}}

@article{bi2011rateconversion,
	Author = {Bi, G. and Mitra, S.K.},
	Journal = IEEESPM,
	Number = {3},
	Pages = {140--144},
	Publisher = {IEEE},
	Title = {Sampling Rate Conversion in the Frequency Domain},
	Volume = {28},
	Year = {2011}}

@article{billingsley,
	Author = {Billingsley, P.},
	Journal = {Jown Wiley \& Sons},
	Title = {Probability and measure},
	Year = {1995}}

@book{bilodeau,
	Author = {Bilodeau, M. and Brenner, D.},
	Publisher = {Springer Verlag},
	Title = {Theory of multivariate statistics},
	Year = {1999}}

@article{black1980interleaved,
	Author = {Black, W. C. and Hodges, D.},
	Doi = {10.1109/JSSC.1980.1051512},
	Issn = {0018-9200},
	Journal = JSSC,
	Month = {Dec.},
	Number = {6},
	Pages = {1022-1029},
	Title = {Time interleaved converter arrays},
	Volume = {15},
	Year = {1980},
	Bdsk-Url-1 = {http://dx.doi.org/10.1109/JSSC.1980.1051512}}

@article{bookstein1989principalwarps,
	Author = {Bookstein, F. L.},
	Journal = IEEEPAMI,
	Number = {6},
	Pages = {567--585},
	Publisher = {IEEE Computer Society},
	Title = {Principal warps: Thin-plate splines and the decomposition of deformations},
	Volume = {11},
	Year = {1989}}

@book{borden,
	Author = {Borden, R. S.},
	Publisher = {Dover Pubns},
	Title = {A course in advanced calculus},
	Year = {1997}}

@article{boudaher2014multifrequency,
	Author = {BouDaher, E. and Ahmad, F. and Amin, M. G.},
	Journal = {EURASIP J. Advances Sig. Process.},
	Number = {1},
	Pages = {168},
	Publisher = {Springer},
	Title = {Sparse reconstruction for direction-of-arrival estimation using multi-frequency co-prime arrays},
	Volume = {2014},
	Year = {2014}}

@book{boyd,
	Address = {Cambridge, UK},
	Author = {Boyd, S. and Vandenberghe, L.},
	Publisher = {Cambridge University Press},
	Title = {Convex Optimization},
	Year = {2004}}

@inproceedings{bresler2008blind,
	Author = {Bresler, Y.},
	Booktitle = ITA,
	Doi = {10.1109/ITA.2008.4601017},
	Month = {27 2008-feb. 1},
	Pages = {547-554},
	Title = {Spectrum-blind sampling and compressive sensing for continuous-index signals},
	Year = {2008},
	Bdsk-Url-1 = {http://dx.doi.org/10.1109/ITA.2008.4601017}}

@article{bucker1977linearray,
	Author = {Bucker, H. P.},
	Journal = {J. Acoust. Society America},
	Pages = {494},
	Title = {Cross-sensor beam forming with a sparse line array},
	Volume = {61},
	Year = {1977}}

@article{Bultitude,
	Author = {Bultitude, Y.J. and Rautiainen, T.},
	Title = {IST-4-027756 WINNER II D1. 1.2 V1. 2 WINNER II Channel Models, available at www.ist-winner.org/phase\_2\_model.html}}

@article{winner,
	Author = {Bultitude, Y.J. and Rautiainen, T.},
	Title = {IST-4-027756 WINNER II D1. 1.2 V1. 2 WINNER II Channel Models, available at www.ist-winner.org/phase\_2\_model.html}}

@article{burg1982structured,
	Author = {Burg, J. P. and Luenberger, D. G. and Wenger, D. L.},
	Doi = {10.1109/PROC.1982.12427},
	Issn = {0018-9219},
	Journal = PROCIEEE,
	Month = {Sep.},
	Number = {9},
	Pages = {963-974},
	Title = {Estimation of structured covariance matrices},
	Volume = {70},
	Year = {1982},
	Bdsk-Url-1 = {http://dx.doi.org/10.1109/PROC.1982.12427}}

@article{cabric2008feasibility,
	Author = {Cabric, D.},
	Journal = IEEESPM,
	Number = {6},
	Pages = {85--93},
	Publisher = {IEEE},
	Title = {Addressing feasibility of cognitive radios},
	Volume = {25},
	Year = {2008}}

@article{cadambe2008kinterferencechannel,
	Author = {Cadambe, V.R. and Jafar, S.A.},
	Doi = {10.1109/TIT.2008.926344},
	Issn = {0018-9448},
	Journal = IEEETIT,
	Month = {Aug.},
	Number = {8},
	Pages = {3425-3441},
	Title = {Interference Alignment and Degrees of Freedom of the K-User Interference Channel},
	Volume = {54},
	Year = {2008},
	Bdsk-Url-1 = {http://dx.doi.org/10.1109/TIT.2008.926344}}

@article{candes2006uncertainty,
	Author = {Cand\`{e}s, E. J. and Romberg, J. and Tao, T.},
	Doi = {10.1109/TIT.2005.862083},
	Issn = {0018-9448},
	Journal = IEEETIT,
	Month = {feb.},
	Number = {2},
	Pages = {489-509},
	Title = {Robust uncertainty principles: exact signal reconstruction from highly incomplete frequency information},
	Volume = {52},
	Year = {2006},
	Bdsk-Url-1 = {http://dx.doi.org/10.1109/TIT.2005.862083}}

@article{candes2005decoding,
	Author = {Cand\`{e}s, E. J. and Tao, T.},
	Doi = {10.1109/TIT.2005.858979},
	Issn = {0018-9448},
	Journal = IEEETIT,
	Month = {Dec.},
	Number = {12},
	Pages = {4203-4215},
	Title = {Decoding by linear programming},
	Volume = {51},
	Year = {2005},
	Bdsk-Url-1 = {http://dx.doi.org/10.1109/TIT.2005.858979}}

@article{candes2008introduction,
	Author = {Cand{\`e}s, E. J. and Wakin, M. B.},
	Journal = IEEESPM,
	Number = {2},
	Pages = {21--30},
	Publisher = {IEEE},
	Title = {An introduction to compressive sampling},
	Volume = {25},
	Year = {2008}}

@inproceedings{cardoso1991higherorder,
	Author = {Cardoso, J.F.},
	Booktitle = {Proc. Int. Workshop on Higher-Order Stat., Chamrousse, France},
	Pages = {121--130},
	Title = {Higher-order narrow-band array processing},
	Year = {1991}}

@inproceedings{carlemalm1997doubletalk,
	Author = {Carlemalm, C. and Logothetis, A.},
	Booktitle = ICASSP,
	Doi = {10.1109/ICASSP.1997.604743},
	Issn = {1520-6149},
	Month = {Apr},
	Pages = {3869-3872 vol.5},
	Title = {On detection of double talk and changes in the echo path using a Markov modulated channel model},
	Volume = {5},
	Year = {1997},
	Bdsk-Url-1 = {http://dx.doi.org/10.1109/ICASSP.1997.604743}}

@article{carmeli2010vector,
	Author = {Carmeli, C. and De Vito, E. and Toigo, A. and Umanita, V.},
	Journal = {Analysis Appl.},
	Number = {1},
	Pages = {19--61},
	Publisher = {World Scientific},
	Title = {Vector valued reproducing kernel {H}ilbert spaces and universality},
	Volume = {8},
	Year = {2010}}

@article{cattivelli2011adaptivedistributed,
	Author = {Cattivelli, F. and Sayed, A.},
	Journal = {IEEETSP},
	Number = {99},
	Pages = {1917-1932},
	Publisher = {IEEE},
	Title = {Distributed Detection over Adaptive Networks using Diffusion Adaptation},
	Year = {2011}}

@conference{chen2010wm,
	Author = {Chen, H.S. and Gao, W.},
	Booktitle = DYSPAN,
	Pages = {1--5},
	Title = {{Spectrum Sensing for {FM} Wireless Microphone Signals}}}

@article{chen2011america,
	Author = {Chen, H. and Gao, W.},
	Doi = {10.1109/JSAC.2011.110205},
	Issn = {0733-8716},
	Journal = IEEEJSAC,
	Number = {2},
	Pages = {316-326},
	Title = {Spectrum Sensing for {TV} White Space in {N}orth {A}merica},
	Volume = {29},
	Year = {2011},
	Bdsk-Url-1 = {http://dx.doi.org/10.1109/JSAC.2011.110205}}

@inproceedings{chen2010wmcorrelation,
	Author = {Chen, H.S. and Gao, W.},
	Booktitle = DYSPAN,
	Pages = {1--5},
	Title = {Spectrum Sensing for {FM} Wireless Microphone Signals},
	Year = {2010}}

@conference{chen2008wmperiodogram,
	Author = {Chen, H.S. and Gao, W. and Daut, D.G.},
	Booktitle = {Proc. IEEE Annual Commun. Society Conf. Sensor, Mesh, Ad Hoc Commun. Networks Workshops},
	Pages = {1--5},
	Title = {{Spectrum sensing for wireless microphone signals}},
	Year = {2008}}

@article{chen2008heteroscedastic,
	Author = {Chen, P.},
	Doi = {10.1109/TSP.2007.909353},
	Issn = {1053-587X},
	Journal = IEEETSP,
	Number = {4},
	Pages = {1429-1439},
	Title = {Heteroscedastic Low-Rank Matrix Approximation by the {W}iberg Algorithm},
	Volume = {56},
	Year = {2008},
	Bdsk-Url-1 = {http://dx.doi.org/10.1109/TSP.2007.909353}}

@inproceedings{chepuri2012lowpower,
	Author = {Chepuri, S. P. and de Francisco, R. and Leus, G.},
	Booktitle = {Proc. Int. Workshop Cognitive Inform. Process.},
	Doi = {10.1109/CIP.2012.6232931},
	Title = {Low-power Architecture for Wideband Spectrum Sensing},
	Year = {2012},
	Bdsk-Url-1 = {http://dx.doi.org/10.1109/CIP.2012.6232931}}

@book{cherkassky2007,
	Author = {Cherkassky, V. and Mulier, F. M.},
	Publisher = {John Wiley \& Sons},
	Title = {Learning From Data: Concepts, Theory, and Methods},
	Year = {2007}}

@article{clanton2007wmsimulation,
	Author = {Clanton, C. and Kenkel, M. and Tang, Y.},
	Journal = {IEEE 802.22-07/0124r0},
	Title = {{Wireless microphone signal simulation method}},
	Year = {2007}}

@book{couillet,
	Author = {Couillet, R. and Debbah, M.},
	Publisher = {Cambridge University Press},
	Title = {Random matrix methods for wireless communications},
	Year = {2011}}

@article{dallanese2011kriging,
	Author = {Dall'Anese, E. and Kim, S.-J. and Giannakis, G. B.},
	Doi = {10.1109/TVT.2011.2113195},
	File = {:/home/dani/thesis/bib/docear/../papers/estimation/dallanese2011kriging.pdf:PDF},
	Issn = {0018-9545},
	Journal = IEEETVT,
	Number = {3},
	Pages = {1205-1211},
	Title = {Channel Gain Map Tracking via Distributed Kriging},
	Volume = {60},
	Year = {2011},
	Bdsk-Url-1 = {http://dx.doi.org/10.1109/TVT.2011.2113195}}

@article{dallanese2011powercontrol,
	Author = {Dall'Anese, E. and Kim, S.-J. and Giannakis, G. B. and Pupolin, S.},
	File = {:/home/dani/thesis/bib/papers/resource_allocation/dallanese2011powercontrol.pdf:PDF},
	Journal = IEEETWC,
	Number = {10},
	Pages = {3541--3551},
	Publisher = {IEEE},
	Title = {Power control for cognitive radio networks under channel uncertainty},
	Volume = {10},
	Year = {2011}}

@article{dallanese2012gslasso,
	Author = {Dall'Anese, E. and Bazerque, J.-A. and Giannakis, G. B.},
	Journal = {Phy. Commun.},
	Number = {2},
	Pages = {161-172},
	Title = {Group sparse Lasso for cognitive network sensing robust to model uncertainties and outliers},
	Volume = {5},
	Year = {2012}}

@article{dasgupta1969powerfunctions,
	Author = {Das Gupta, S.},
	Journal = {Annals Math. Stat.},
	Pages = {697--701},
	Publisher = {JSTOR},
	Title = {Properties of power functions of some tests concerning dispersion matrices of multivariate normal distributions},
	Year = {1969}}

@article{davenport2010signalprocessing,
	Author = {Davenport, M. A. and Boufounos, P. T. and Wakin, M. B. and Baraniuk, R. G.},
	Doi = {10.1109/JSTSP.2009.2039178},
	Issn = {1932-4553},
	Journal = IEEEJSTSP,
	Month = {Apr.},
	Number = {2},
	Pages = {445-460},
	Title = {Signal Processing With Compressive Measurements},
	Volume = {4},
	Year = {2010},
	Bdsk-Url-1 = {http://dx.doi.org/10.1109/JSTSP.2009.2039178}}

@article{davenport2012pros,
	Author = {Davenport, M. A. and Laska, J. N. and Treichler, J. R. and Baraniuk, R. G.},
	Doi = {10.1109/TSP.2012.2201149},
	Issn = {1053-587X},
	Journal = IEEETSP,
	Month = {Sep.},
	Number = {9},
	Pages = {4628-4642},
	Title = {The Pros and Cons of Compressive Sensing for Wideband Signal Acquisition: Noise Folding versus Dynamic Range},
	Volume = {60},
	Year = {2012},
	Bdsk-Url-1 = {http://dx.doi.org/10.1109/TSP.2012.2201149}}

@article{demaio2010uniformly,
	Author = {De Maio, A. and Conte, E.},
	Issn = {1751-8784},
	Journal = {Radar, Sonar \& Navigation, IET},
	Number = {4},
	Pages = {560--563},
	Publisher = {IET},
	Title = {{Uniformly most powerful invariant detection in spherically invariant random vector distributed clutter}},
	Volume = {4},
	Year = {2010}}

@inproceedings{degraaf1984narrowband,
	Author = {DeGraaf, S. and Johnson, D.},
	Booktitle = ICASSP,
	Doi = {10.1109/ICASSP.1984.1172769},
	Pages = {214-217},
	Title = {Optimal linear arrays for narrow-band beamforming},
	Volume = {9},
	Year = {1984},
	Bdsk-Url-1 = {http://dx.doi.org/10.1109/ICASSP.1984.1172769}}

@book{demmel,
	Author = {Demmel, J.},
	Publisher = {SIAM, Philadelphia},
	Title = {Applied numerical algebra},
	Year = {1997}}

@article{dempster1977em,
	Author = {Dempster, A. P. and Laird, N. M. and Rubin, D. B.},
	Journal = {J. Royal Stat. Soc.. Series B (Methodological)},
	Pages = {1--38},
	Publisher = {JSTOR},
	Title = {Maximum likelihood from incomplete data via the {EM} algorithm},
	Year = {1977}}

@inproceedings{derakhtian2009bandlimited,
	Author = {Derakhtian, M. and Tadaion, A.A. and Gazor, S.},
	Booktitle = SSP,
	Pages = {145--148},
	Title = {Detection of a bandlimited signal with unknown parameters},
	Year = {2009}}

@article{derakhtian2009cm,
	Author = {Derakhtian, M. and Tadaion, A.A. and Gazor, S. and Nayebi, MM},
	Issn = {1751-8628},
	Journal = IETC,
	Number = {8},
	Pages = {1420--1431},
	Publisher = {IET},
	Title = {Invariant activity detection of a constant magnitude signal with unknown parameters in white {G}aussian noise},
	Volume = {3},
	Year = {2009}}

@article{diethe2013review,
	Author = {Diethe, T. and Girolami, M.},
	Doi = {10.1162/NECO_a_00406},
	Issn = {0899-7667},
	Journal = {Neural Comput.},
	Month = {Mar.},
	Number = {3},
	Pages = {567-625},
	Title = {Online Learning with (Multiple) Kernels: A Review},
	Volume = {25},
	Year = {2013},
	Bdsk-Url-1 = {http://dx.doi.org/10.1162/NECO_a_00406}}

@inproceedings{diggavi1995timevaryingdetection,
	Author = {Diggavi, S.N. and Paulraj, A.},
	Booktitle = ASILOMAR,
	Doi = {10.1109/ACSSC.1995.540531},
	Month = {Nov.},
	Pages = {152-156 vol.1},
	Title = {Signal detection for time-varying vector channels},
	Volume = {1},
	Year = {1995},
	Bdsk-Url-1 = {http://dx.doi.org/10.1109/ACSSC.1995.540531}}

@article{dohler2011phydead,
	Author = {Dohler, M. and Heath, R.W. and Lozano, A. and Papadias, C.B. and Valenzuela, R.A.},
	Doi = {10.1109/MCOM.2011.5741160},
	Issn = {0163-6804},
	Journal = IEEECM,
	Month = {Apr.},
	Number = {4},
	Pages = {159-165},
	Title = {Is the PHY layer dead?},
	Volume = {49},
	Year = {2011},
	Bdsk-Url-1 = {http://dx.doi.org/10.1109/MCOM.2011.5741160}}

@inproceedings{dominguezjimenez2012design,
	Author = {Dom\'inguez-Jim\'enez, M. E. and Gonz\'alez-Prelcic, N. and V\'azquez-Vilar, G. and L\'opez-Valcarce, R.},
	Booktitle = ICASSP,
	Doi = {10.1109/ICASSP.2012.6288630},
	Issn = {1520-6149},
	Month = {Mar.},
	Pages = {3337-3340},
	Title = {Design of universal multicoset sampling patterns for compressed sensing of multiband sparse signals},
	Year = {2012},
	Bdsk-Url-1 = {http://dx.doi.org/10.1109/ICASSP.2012.6288630}}

@inproceedings{dominguezjimenez2013circular,
	Author = {Dom{\'\i}nguez-Jim{\'e}nez, M. E. and Gonz{\'a}lez-Prelcic, N.},
	Booktitle = EUSIPCO,
	Title = {A Class of Circular Sparse Rulers for Compressive Power Spectrum Estimation},
	Year = {2013}}

@article{donoho2006compressed,
	Author = {Donoho, D. L.},
	Doi = {10.1109/TIT.2006.871582},
	Issn = {0018-9448},
	Journal = IEEETIT,
	Month = {Apr.},
	Number = {4},
	Pages = {1289-1306},
	Title = {Compressed sensing},
	Volume = {52},
	Year = {2006},
	Bdsk-Url-1 = {http://dx.doi.org/10.1109/TIT.2006.871582}}

@article{donthi2011eesmmodel,
	Author = {Donthi, Sushruth N. and Mehta, Neelesh B.},
	Doi = {10.1109/TWC.2011.081011.102247},
	Issn = {1536-1276},
	Journal = IEEETWC,
	Month = {Oct.},
	Number = {10},
	Pages = {3436-3448},
	Title = {An Accurate Model for EESM and its Application to Analysis of CQI Feedback Schemes and Scheduling in LTE},
	Volume = {10},
	Year = {2011},
	Bdsk-Url-1 = {http://dx.doi.org/10.1109/TWC.2011.081011.102247}}

@inproceedings{elramly2011modified,
	Author = {El{R}amly, S. and Newagy, F. and Yousry, H. and Elezabi, A.},
	Booktitle = {Proc. IEEE Int. Conf. Commun. Softw. Netw.},
	Doi = {10.1109/ICCSN.2011.6014005},
	Pages = {59-63},
	Title = {Novel modified energy detection spectrum sensing technique for {FM} wireless microphone signals},
	Year = {2011},
	Bdsk-Url-1 = {http://dx.doi.org/10.1109/ICCSN.2011.6014005}}

@inproceedings{enescu2002statematrix,
	Author = {Enescu, A. and Koivunen, V.},
	Booktitle = {Proc. IEEE Veh. Techn. Conf.},
	Pages = {2192--2196},
	Title = {On the estimation of state matrix and noise statistics in state-space models},
	Volume = {4},
	Year = {2002}}

@article{erpek2011wmparameters,
	Author = {Erpek, T. and Mchenry, M.A. and Stirling, A.},
	Issn = {0163-6804},
	Journal = IEEECM,
	Number = {3},
	Pages = {38--45},
	Publisher = {IEEE},
	Title = {{Dynamic spectrum access operational parameters with wireless microphones}},
	Volume = {49},
	Year = {2011}}

@article{fang2009hyperplane,
	Author = {Fang, J. and Li, H.},
	Journal = IEEETIT,
	Number = {12},
	Pages = {5682--5699},
	Publisher = {IEEE},
	Title = {Hyperplane-based vector quantization for distributed estimation in wireless sensor networks},
	Volume = {55},
	Year = {2009}}

@article{farhang2008filterbank,
	Author = {Farhang-Boroujeny, B.},
	Journal = IEEETSP,
	Number = {5},
	Pages = {1801--1811},
	Publisher = {IEEE},
	Title = {Filter bank spectrum sensing for cognitive radios},
	Volume = {56},
	Year = {2008}}

@techreport{fccspt2002report,
	Author = {FCCSPT, F.},
	Institution = {FCC, Tech. Rep},
	Title = {FCC report of the spectrum efficiency working group},
	Year = {2002}}

@inproceedings{feng1996blind,
	Author = {Feng, P. and Bresler, Y.},
	Booktitle = ICASSP,
	Doi = {10.1109/ICASSP.1996.544131},
	Issn = {1520-6149},
	Month = {May},
	Pages = {1688-1691 vol. 3},
	Title = {Spectrum-blind minimum-rate sampling and reconstruction of multiband signals},
	Volume = {3},
	Year = {1996},
	Bdsk-Url-1 = {http://dx.doi.org/10.1109/ICASSP.1996.544131}}

@article{Fontan2001,
	Author = {Fontan, F.P. and V\'azquez-Castro, M. and Cabado, C.E. and Garcia, J.P. and Kubista, E.},
	Doi = {10.1109/25.966585},
	Issn = {0018-9545},
	Journal = {Vehicular Technology, IEEE Trans. on},
	Month = {nov},
	Number = {6},
	Pages = {1549-1567},
	Title = {Statistical modeling of the LMS channel},
	Volume = {50},
	Year = {2001},
	Bdsk-Url-1 = {http://dx.doi.org/10.1109/25.966585}}

@article{fontan2001lmsmodeling,
	Author = {Fontan, F.P. and V\'azquez-Castro, M. and Cabado, C.E. and Garcia, J.P. and Kubista, E.},
	Doi = {10.1109/25.966585},
	Issn = {0018-9545},
	Journal = {Vehicular Technology, IEEE Trans. on},
	Month = {nov},
	Number = {6},
	Pages = {1549-1567},
	Title = {Statistical modeling of the LMS channel},
	Volume = {50},
	Year = {2001},
	Bdsk-Url-1 = {http://dx.doi.org/10.1109/25.966585}}

@article{fuhrmann1991toeplitz,
	Author = {Fuhrmann, D.R.},
	Doi = {10.1109/78.91176},
	Issn = {1053-587X},
	Journal = IEEETSP,
	Month = {Oct.},
	Number = {10},
	Pages = {2194-2198},
	Title = {Application of {T}oeplitz covariance estimation to adaptive beamforming and detection},
	Volume = {39},
	Year = {1991},
	Bdsk-Url-1 = {http://dx.doi.org/10.1109/78.91176}}

@article{gabriel2005glrtumpi,
	Author = {Gabriel, J.R. and Kay, S.M.},
	Doi = {10.1109/TSP.2005.857043},
	Issn = {1053-587X},
	Journal = IEEETSP,
	Number = {11},
	Pages = {4194-4203},
	Title = {On the relationship between the {GLRT} and {UMPI} tests for the detection of signals with unknown parameters},
	Volume = {53},
	Year = {2005},
	Bdsk-Url-1 = {http://dx.doi.org/10.1109/TSP.2005.857043}}

@inproceedings{gabriel2002wijsman,
	Author = {Gabriel, J.R. and Kay, S.M.},
	Booktitle = ASILOMAR,
	Doi = {10.1109/ACSSC.2002.1197281},
	Issn = {1058-6393},
	Month = {Nov.},
	Pages = {756-762 vol.1},
	Title = {Use of {W}ijsman's theorem for the ratio of maximal invariant densities in signal detection applications},
	Volume = {1},
	Year = {2002},
	Bdsk-Url-1 = {http://dx.doi.org/10.1109/ACSSC.2002.1197281}}

@inproceedings{gao2010timevarying,
	Author = {Gao, Song and Qian, Lijun and Vaman, Dhadesugoor R. and Han, Zhu},
	Booktitle = {Proc. Wireless Commun. and Networking Conf. (WCNC), 2010 IEEE},
	Doi = {10.1109/WCNC.2010.5506393},
	Issn = {1525-3511},
	Month = {Apr.},
	Pages = {1-6},
	Title = {Distributed Cognitive Sensing for Time Varying Channels: Exploration and Exploitation},
	Year = {2010},
	Bdsk-Url-1 = {http://dx.doi.org/10.1109/WCNC.2010.5506393}}

@article{gappmair2009cramer,
	Author = {Gappmair, W. and L{\'o}pez-Valcarce, R. and Mosquera, C.},
	Issn = {0090-6778},
	Journal = IEEETCOM,
	Number = {6},
	Pages = {1622--1627},
	Publisher = {IEEE},
	Title = {{Cramer-Rao lower bound and {EM} algorithm for envelope-based SNR estimation of nonconstant modulus constellations}},
	Volume = {57},
	Year = {2009}}

@article{gardner2005cyclostationarity,
	Author = {William A. Gardner and Antonio Napolitano and Luigi Paura},
	Issn = {0165-1684},
	Journal = {Sig. Processing},
	Keywords = {Cyclostationarity},
	Number = {4},
	Pages = {639 - 697},
	Title = {Cyclostationarity: Half a century of research},
	Volume = {86},
	Year = {2006}}

@inproceedings{gautier2010teagerkaiser,
	Author = {Gautier, M. and Laugeois, M. and Noguet, D.},
	Booktitle = CROWNCOM,
	Pages = {1-5},
	Title = {Teager-{K}aiser energy detector for narrowband wireless microphone spectrum sensing},
	Year = {2010}}

@article{genz2002comparison,
	Author = {Genz, A. and Bretz, F.},
	Journal = {J. Comput. Graph. Stat.},
	Number = {4},
	Pages = {950--971},
	Publisher = {Taylor \& Francis},
	Title = {Comparison of methods for the computation of multivariate t probabilities},
	Volume = {11},
	Year = {2002}}

@article{Ghandour-Haidar2011,
	Author = {Ghandour-Haidar, S. and Ros, L. and Brossier, J.M.},
	Journal = {Sig. Process.},
	Publisher = {Elsevier},
	Title = {On the use of first-order autoregressive modeling for Rayleigh flat fading channel estimation with {K}alman filter},
	Year = {2011}}

@article{ghandour2011kalman,
	Author = {Ghandour-Haidar, S. and Ros, L. and Brossier, J.M.},
	Journal = {Sig. Process.},
	Publisher = {Elsevier},
	Title = {On the use of first-order autoregressive modeling for Rayleigh flat fading channel estimation with {K}alman filter},
	Year = {2011}}

@article{ghasemi2007asymptotic,
	Author = {Ghasemi, A. and Sousa, E.S.},
	Journal = IEEECL,
	Number = {1},
	Pages = {34--36},
	Publisher = {IEEE},
	Title = {Asymptotic performance of collaborative spectrum sensing under correlated log-normal shadowing},
	Volume = {11},
	Year = {2007}}

@article{gholam2011beamforming,
	Author = {Gholam, F. and V\'ia, J. and Santamaria, I.},
	Doi = {10.1109/TVT.2011.2142205},
	Issn = {0018-9545},
	Journal = IEEETVT,
	Month = {jun},
	Number = {5},
	Pages = {2373-2378},
	Title = {Beamforming Design for Simplified Analog Antenna Combining Architectures},
	Volume = {60},
	Year = {2011},
	Bdsk-Url-1 = {http://dx.doi.org/10.1109/TVT.2011.2142205}}

@article{giannakis1998cyclostationary,
	Author = {Giannakis, G. B.},
	Journal = {Digital Sig. Processing Handbook},
	Publisher = {Boca Raton, FL: CRC},
	Title = {Cyclostationary signal analysis},
	Year = {1998}}

@article{giannakis1998bem,
	Author = {Giannakis, G. B. and Tepedelenlio\v{g}lu, C.},
	Doi = {10.1109/5.720248},
	Issn = {0018-9219},
	Journal = PROCIEEE,
	Month = {Oct.},
	Number = {10},
	Pages = {1969--1986},
	Title = {Basis expansion models and diversity techniques for blind identification and equalization of time-varying channels},
	Volume = {86},
	Year = {1998},
	Bdsk-Url-1 = {http://dx.doi.org/10.1109/5.720248}}

@article{glaser1976gmam,
	Author = {Glaser, R.E.},
	Journal = {J. American Stat. Assoc.},
	Pages = {480--487},
	Publisher = {JSTOR},
	Title = {The ratio of the geometric mean to the arithmetic mean for a random sample from a gamma distribution},
	Year = {1976}}

@book{goldsmith,
	Author = {Goldsmith, A.},
	Publisher = {Cambridge University Press},
	Title = {Wireless communications},
	Year = {2005}}

@book{golub,
	Author = {Golub, G. H. and Van Loan, C. F.},
	Publisher = {Johns Hopkins University Press},
	Title = {Matrix computations},
	Volume = {3},
	Year = {1996}}

@article{gorman1990constrainedcrb,
	Author = {Gorman, J. D. and Hero, A. O.},
	Doi = {10.1109/18.59929},
	Issn = {0018-9448},
	Journal = IEEETIT,
	Number = {6},
	Pages = {1285-1301},
	Title = {Lower bounds for parametric estimation with constraints},
	Volume = {36},
	Year = {1990},
	Bdsk-Url-1 = {http://dx.doi.org/10.1109/18.59929}}

@book{gray,
	Author = {Gray, R. M.},
	Publisher = {Now Pub},
	Title = {{T}oeplitz and {C}irculant {M}atrices: A {R}eview},
	Year = {2006}}

@article{hallin2009homogeneity,
	Author = {Hallin, M. and Paindaveine, D.},
	Journal = {J. Multivariate Analysis},
	Number = {3},
	Pages = {422--444},
	Publisher = {Elsevier},
	Title = {Optimal tests for homogeneity of covariance, scale, and shape},
	Volume = {100},
	Year = {2009}}

@inproceedings{hassan2011adaptive,
	Author = {Hassan, M.H. and Nasr, O.A.},
	Booktitle = {Proc. IEEE Int. Symp. Personal Indoor Mobile Radio Commun.},
	Doi = {10.1109/PIMRC.2011.6140000},
	Issn = {pending},
	Pages = {445-450},
	Title = {Adaptive spectrum sensing of wireless microphones with noise uncertainty},
	Year = {2011},
	Bdsk-Url-1 = {http://dx.doi.org/10.1109/PIMRC.2011.6140000}}

@book{hastie2009,
	Author = {Hastie, T. and , R. and Friedman, J.},
	Publisher = {Springer},
	Title = {The {E}lements of {S}tatistical {L}earning},
	Year = {2009}}

@article{haubrich1968design,
	Author = {Haubrich, R. A.},
	Journal = {Bulletin Seismological Society America},
	Number = {3},
	Pages = {977--991},
	Publisher = {Seismological Society of America},
	Title = {Array design},
	Volume = {58},
	Year = {1968}}

@book{haykin,
	Author = {Haykin, S.},
	Publisher = {Wiley-India},
	Title = {Communication systems},
	Year = {2008}}

@article{herley1999arbitrary,
	Author = {Herley, C. and Wong, P. W.},
	Doi = {10.1109/18.771158},
	Issn = {0018-9448},
	Journal = IEEETIT,
	Month = {Jul.},
	Number = {5},
	Pages = {1555-1564},
	Title = {Minimum rate sampling and reconstruction of signals with arbitrary frequency support},
	Volume = {45},
	Year = {1999},
	Bdsk-Url-1 = {http://dx.doi.org/10.1109/18.771158}}

@article{hijazi2009polynomial,
	Author = {Hijazi, H. and Ros, L.},
	Journal = IEEETVT,
	Number = {1},
	Pages = {140--151},
	Publisher = {IEEE},
	Title = {Polynomial estimation of time-varying multipath gains with intercarrier interference mitigation in {OFDM} systems},
	Volume = {58},
	Year = {2009}}

@article{hoctor1990coarray,
	Author = {Hoctor, R. T. and Kassam, S. A.},
	Doi = {10.1109/5.54811},
	File = {:/home/dani/thesis/docear/../bib/array_processing/hoctor1990coarray.pdf:PDF},
	Issn = {0018-9219},
	Journal = PROCIEEE,
	Month = {Apr.},
	Number = {4},
	Pages = {735-752},
	Title = {The unifying role of the coarray in aperture synthesis for coherent and incoherent imaging},
	Volume = {78},
	Year = {1990},
	Bdsk-Url-1 = {http://dx.doi.org/10.1109/5.54811}}

@book{horn,
	Author = {Horn, R. A. and Johnson, C. R.},
	Publisher = {Cambridge University Press},
	Title = {Matrix analysis},
	Year = {1990}}

@book{horn1985,
	Address = {Cambridge, UK},
	Author = {R. A. Horn and C. R. Johnson},
	Publisher = {Cambridge University Press},
	Title = {Matrix Analysis},
	Year = {1985}}

@article{huang2014sparsebayesian,
	Author = {Huang, D.-H. and Wu, S.-H. and Wu, W.-R. and Wang, P.-H.},
	Journal = IEEETVT,
	Month = {Jun.},
	Number = {6},
	Pages = {2318-2332},
	Title = {Cooperative Radio Source Positioning and Power Map Reconstruction: A Sparse {B}ayesian Learning Approach},
	Volume = {64},
	Year = {2015}}

@article{huang2014nonnegative,
	Author = {Huang, K. and Sidiropoulos, N.},
	Doi = {10.1109/MSP.2013.2296172},
	Issn = {1053-5888},
	Journal = IEEESPM,
	Month = {May},
	Number = {3},
	Pages = {76-86},
	Title = {Putting Nonnegative Matrix Factorization to the Test: A tutorial derivation of pertinent Cramer-Rao bounds and performance benchmarking},
	Volume = {31},
	Year = {2014},
	Bdsk-Url-1 = {http://dx.doi.org/10.1109/MSP.2013.2296172}}

@article{huillery2008spectrogram,
	Author = {Huillery, J. and Millioz, F. and Martin, N.},
	Doi = {10.1109/TSP.2007.916125},
	Issn = {1053-587X},
	Journal = IEEETSP,
	Number = {6},
	Pages = {2249-2258},
	Title = {On the Description of Spectrogram Probabilities With a Chi-Squared Law},
	Volume = {56},
	Year = {2008},
	Bdsk-Url-1 = {http://dx.doi.org/10.1109/TSP.2007.916125}}

@book{isaacson,
	Author = {Isaacson, E. and Keller, H. B.},
	Publisher = {Dover Pubns},
	Title = {Analysis of numerical methods},
	Year = {1994}}

@article{jafar2008xchannel,
	Author = {Jafar, S.A. and Shamai, S.},
	Doi = {10.1109/TIT.2007.911262},
	Issn = {0018-9448},
	Journal = IEEETIT,
	Month = {Jan.},
	Number = {1},
	Pages = {151-170},
	Title = {Degrees of Freedom Region of the MIMO X Channel},
	Volume = {54},
	Year = {2008},
	Bdsk-Url-1 = {http://dx.doi.org/10.1109/TIT.2007.911262}}

@article{egilmez2016graph,
	title={Graph Learning from Data under Structural and Laplacian Constraints},
	author={Egilmez, Hilmi E and Pavez, Eduardo and Ortega, Antonio},
	journal={arXiv preprint arXiv:1611.05181},
	year={2016}}

@inproceedings{jain2011fullduplex,
	Author = {Jain, M. and Choi, J.I. and Kim, T. and Bharadia, D. and Seth, S. and Srinivasan, K. and Levis, P. and Katti, S. and Sinha, P.},
	Booktitle = {Proc. of the 17th annual Int. conference on Mobile computing and networking},
	Pages = {301--312},
	Title = {Practical, real-time, full duplex wireless},
	Year = {2011}}

@inproceedings{Jain2011,
	__Markedentry = {[dani:]},
	Author = {Jain, Mayank and Choi, Jung Il and Kim, Taemin and Bharadia, Dinesh and Seth, Siddharth and Srinivasan, Kannan and Levis, Philip and Katti, Sachin and Sinha, Prasun},
	Booktitle = {Proc. of the 17th annual international conference on Mobile computing and networking},
	Dcr_Bibtex_Id = {13302},
	Dcr_Pdf_Hash = {CB5E4C89A7E71E13B3EE8421369AD9F35C0AF7C39A0ACDFF6AABD37BB46F3},
	File = {:/home/dani/thesis/bib/technologies/jain2011fullduplex.pdf:PDF},
	Organization = {ACM},
	Owner = {dani},
	Pages = {301--312},
	Timestamp = {2013.12.08},
	Title = {Practical, real-time, full duplex wireless},
	Year = {2011}}

@inproceedings{jayawickrama2013compressive,
	Address = {Budapest, Hungary},
	Author = {Jayawickrama, B. A. and Dutkiewicz, E. and Oppermann, I. and Fang, G. and Ding, J.},
	Booktitle = {Proc. Int. Conf. Commun.},
	Doi = {10.1109/ICC.2013.6655495},
	Issn = {1550-3607},
	Month = {Jun.},
	Pages = {5657-5661},
	Title = {Improved performance of spectrum cartography based on compressive sensing in cognitive radio networks},
	Year = {2013},
	Bdsk-Url-1 = {http://dx.doi.org/10.1109/ICC.2013.6655495}}

@book{jeruchim,
	Author = {Jeruchim, M. C. and Balaban, P. and Shanmugan, K. S.},
	Publisher = {Springer},
	Title = {Simulation of communication systems: modeling, methodology, and techniques},
	Year = {2000}}

@article{jin2013support,
	Author = {Jin, Y. and Rao, B. D.},
	Doi = {10.1109/TIT.2013.2238605},
	Issn = {0018-9448},
	Journal = IEEETIT,
	Month = {May},
	Number = {5},
	Pages = {3139-3157},
	Title = {Support Recovery of Sparse Signals in the Presence of Multiple Measurement Vectors},
	Volume = {59},
	Year = {2013},
	Bdsk-Url-1 = {http://dx.doi.org/10.1109/TIT.2013.2238605}}

@article{johnstone2001distribution,
	Author = {Johnstone, I. M.},
	Journal = {Ann. Statist},
	Number = {2},
	Pages = {295--327},
	Title = {On the distribution of the largest eigenvalue in principal components analysis},
	Volume = {29},
	Year = {2001}}

@article{jokar2009kronecker,
	Author = {Jokar, S. and Mehrmann, V.},
	Journal = {Linear Algebra Appl.},
	Number = {12},
	Pages = {2437--2447},
	Publisher = {Elsevier},
	Title = {Sparse solutions to underdetermined Kronecker product systems},
	Volume = {431},
	Year = {2009}}

@book{fcc2008evaluation,
	Author = {Jones, S. K. and United States. Federal Communications Commission. Technical Research Branch},
	Publisher = {Technical Research Branch, Laboratory Division, Office of Engineering and Technology, Federal Communications Commission},
	Title = {Evaluation of the performance of prototype TV-Band white space devices, phase II},
	Year = {2008}}

@article{jung2013compressive,
	Author = {Jung, A. and Taubock, G. and Hlawatsch, F.},
	Journal = IEEETIT,
	Number = {5},
	Pages = {3117--3138},
	Publisher = {IEEE},
	Title = {Compressive spectral estimation for nonstationary random processes},
	Volume = {59},
	Year = {2013}}

@book{kay2,
	Author = {Kay, S. M.},
	Publisher = {Prentice-Hall},
	Title = {Fundamentals of Statistical Signal Processing, {V}ol. {II}: Detection Theory},
	Year = {1998}}

@book{kay1,
	Author = {Kay, S. M.},
	Publisher = {Prentice-Hall},
	Title = {Fundamentals of Statistical Signal Processing, {V}ol. {I}: Estimation Theory},
	Year = {1993}}

@inproceedings{kecman2003adatron,
	Address = {Bruges, Belgium},
	Author = {Kecman, V. and Vogt, M. and Huang, T. M.},
	Booktitle = {Proc. European Symp. Artificial Neural Netw.},
	Month = {Apr.},
	Pages = {215--222},
	Title = {On the equality of kernel {A}da{T}ron and sequential minimal optimization in classification and regression tasks and alike algorithms for kernel machines.},
	Year = {2003}}

@article{kim2011covariance,
	Author = {Jaeweon Kim and Chan-Byoung Chae and Andrews, J.G.},
	Date-Modified = {2017-04-18 12:26:17 +0000},
	Doi = {10.1109/TWC.2011.092711.101971},
	Issn = {1536-1276},
	Journal = IEEETWC,
	Month = {Nov.},
	Number = {11},
	Pages = {3589-3593},
	Title = {Cooperative Spectral Covariance Sensing under Correlated Shadowing},
	Volume = {10},
	Year = {2011},
	Bdsk-Url-1 = {http://dx.doi.org/10.1109/TWC.2011.092711.101971}}

@article{kim2011kalmansensing,
	Author = {S.-J. Kim and Dall'Anese, E. and Giannakis, G. B.},
	Doi = {10.1109/JSTSP.2010.2053016},
	Issn = {1932-4553},
	Journal = IEEEJSTSP,
	Month = {feb.},
	Number = {1},
	Pages = {24-36},
	Title = {Cooperative Spectrum Sensing for Cognitive Radios Using Kriged {K}alman Filtering},
	Volume = {5},
	Year = {2011},
	Bdsk-Url-1 = {http://dx.doi.org/10.1109/JSTSP.2010.2053016}}

@article{kim2011kriged,
	Author = {Kim, S.-J. and Dall'Anese, E. and Giannakis, G. B.},
	Doi = {10.1109/JSTSP.2010.2053016},
	Issn = {1932-4553},
	Journal = IEEEJSTSP,
	Month = {Feb},
	Number = {1},
	Pages = {24-36},
	Title = {Cooperative Spectrum Sensing for Cognitive Radios Using Kriged {K}alman Filtering},
	Volume = {5},
	Year = {2011},
	Bdsk-Url-1 = {http://dx.doi.org/10.1109/JSTSP.2010.2053016}}

@inproceedings{kim2013dictionary,
	Address = {Atlanta, GA},
	Author = {S.-J. Kim and G. B. Giannakis},
	Booktitle = GLOBECOM,
	Month = {Dec.},
	Title = {Cognitive radio spectrum prediction using dictionary learning},
	Year = {2013}}

@article{Kim2010,
	Author = {Seung-Jun Kim and Giannakis, G. B.},
	Doi = {10.1109/TSP.2010.2049106},
	File = {:/home/dani/thesis/bib/docear/../papers/detection/sequential/kim2010sequential.pdf:PDF},
	Issn = {1053-587X},
	Journal = IEEETSP,
	Month = {Aug.},
	Number = {8},
	Pages = {4239-4253},
	Title = {Sequential and Cooperative Sensing for Multi-Channel Cognitive Radios},
	Volume = {58},
	Year = {2010},
	Bdsk-Url-1 = {http://dx.doi.org/10.1109/TSP.2010.2049106}}

@article{kim2010sequential,
	Author = {S.-J. Kim and Giannakis, G. B.},
	Doi = {10.1109/TSP.2010.2049106},
	Issn = {1053-587X},
	Journal = IEEETSP,
	Month = {Aug.},
	Number = {8},
	Pages = {4239-4253},
	Title = {Sequential and Cooperative Sensing for Multi-Channel Cognitive Radios},
	Volume = {58},
	Year = {2010},
	Bdsk-Url-1 = {http://dx.doi.org/10.1109/TSP.2010.2049106}}

@inproceedings{kim2011link,
	Address = {Pacific Grove, CA},
	Author = {Kim, S.-J. and Jain, N. and Giannakis, G. B. and Forero, P.},
	Booktitle = ASILOMAR,
	Month = {Nov.},
	Title = {Joint link learning and cognitive radio sensing},
	Year = {2011}}

@article{kim2001multiband,
	Author = {Seung-Jun Kim and Guobing Li and Giannakis, G. B.},
	Doi = {10.1109/TWC.2011.081611.110182},
	File = {:/home/dani/thesis/bib/docear/../papers/detection/symbol_detection/diggavi1995timevaryingdetection.pdf:PDF},
	Issn = {1536-1276},
	Journal = {Wireless Communications, IEEE Transactions on},
	Number = {10},
	Pages = {3506-3515},
	Title = {Multi-Band Cognitive Radio Spectrum Sensing for Quality-of-Service Traffic},
	Volume = {10},
	Year = {2011},
	Bdsk-Url-1 = {http://dx.doi.org/10.1109/TWC.2011.081611.110182}}

@article{kivinen2004online,
	Author = {Kivinen, J. and Smola, A. J. and Williamson, R. C.},
	Journal = IEEETSP,
	Number = {8},
	Pages = {2165--2176},
	Publisher = {IEEE},
	Title = {Online learning with kernels},
	Volume = {52},
	Year = {2004}}

@book{kolmogorov,
	Author = {Kolmogorov, A. N. and Fomin, S. V.},
	File = {:/home/dani/thesis/bib/papers/math/Kolmogorov-Introductory Real Analysis.pdf:PDF},
	Publisher = {Dover Publications},
	Title = {Introductory Real Analysis Rev. English Ed},
	Year = {1970}}

@article{kozick2004distributed,
	Author = {Kozick, R. J. and Sadler, B. M.},
	Doi = {10.1109/TSP.2003.822354},
	Issn = {1053-587X},
	Journal = IEEETSP,
	Month = {March},
	Number = {3},
	Pages = {601-616},
	Title = {Source localization with distributed sensor arrays and partial spatial coherence},
	Volume = {52},
	Year = {2004},
	Bdsk-Url-1 = {http://dx.doi.org/10.1109/TSP.2003.822354}}

@inproceedings{krieger2013multicosetarrays,
	Author = {Krieger, J. D. and Kochman, Y. and Wornell, G. W.},
	Booktitle = ICASSP,
	Title = {DESIGN AND ANALYSIS OF MULTI-COSET ARRAYS},
	Year = {2013}}

@article{kumar1998heteroscedastic,
	Author = {Kumar, N. and Andreou, A. G.},
	Issn = {0167-6393},
	Journal = {Speech Commun.},
	Keywords = {Heteroscedastic},
	Number = {4},
	Pages = {283-297},
	Title = {Heteroscedastic discriminant analysis and reduced rank {HMMs} for improved speech recognition},
	Volume = {26},
	Year = {1998}}

@inproceedings{valcarce2009lmp,
	Author = {L\'opez-Valcarce, R. and V\'azquez-Vilar, G. and \'Alvarez-Diaz, M.},
	Booktitle = CROWNCOM,
	Doi = {10.1109/CROWNCOM.2009.5189134},
	Month = {Jun.},
	Pages = {1-6},
	Title = {Multiantenna detection of multicarrier primary signals exploiting spectral a priori information},
	Year = {2009},
	Bdsk-Url-1 = {http://dx.doi.org/10.1109/CROWNCOM.2009.5189134}}

@article{landau1967sampling,
	Author = {Landau, H. J.},
	Journal = {Acta Mathematica},
	Number = {1},
	Pages = {37--52},
	Publisher = {Springer},
	Title = {Necessary density conditions for sampling and interpolation of certain entire functions},
	Volume = {117},
	Year = {1967}}

@inproceedings{laska2006randomsampling,
	Author = {Laska, J. and Kirolos, S. and Massoud, Y. and Baraniuk, R. and Gilbert, A. and Iwen, M. and Strauss, M.},
	Booktitle = {Proc. IEEE Workshop Design, Appl., Integr. Softw.},
	Doi = {10.1109/DCAS.2006.321048},
	Pages = {119-122},
	Title = {Random Sampling for Analog-to-Information Conversion of Wideband Signals},
	Year = {2006},
	Bdsk-Url-1 = {http://dx.doi.org/10.1109/DCAS.2006.321048}}

@inproceedings{laska2007aic,
	Author = {Laska, J. N. and Kirolos, S. and Duarte, M. F. and Ragheb, T. S. and Baraniuk, R. G. and Massoud, Y.},
	Booktitle = {Proc. IEEE Int. Symp. Circuits Syst.},
	Doi = {10.1109/ISCAS.2007.378360},
	Month = {May},
	Pages = {1959-1962},
	Title = {Theory and Implementation of an Analog-to-Information Converter using Random Demodulation},
	Year = {2007},
	Bdsk-Url-1 = {http://dx.doi.org/10.1109/ISCAS.2007.378360}}

@book{lecam,
	Author = {Le Cam, L. M.},
	Publisher = {Springer-Verlag New York, Inc.},
	Title = {Asymptotic methods in statistical theory},
	Year = {1986}}

@article{leech1956differences,
	Author = {Leech, J.},
	Journal = {J. London Math. Society},
	Number = {2},
	Pages = {160--169},
	Publisher = {Oxford University Press},
	Title = {On the representation of 1, 2,..., n by differences},
	Volume = {31},
	Year = {1956}}

@book{lehmann,
	Author = {Lehmann, E. L. and Casella, G.},
	Publisher = {Springer},
	Title = {Theory of point estimation},
	Year = {1998}}

@book{lehmann2,
	Author = {Lehmann, E. L. and Romano, J. P.},
	Publisher = {Springer},
	Title = {Testing statistical hypotheses},
	Year = {2005}}

@article{lehne2010discrete,
	Author = {Lehne, M. and Raman, S.},
	Journal = IEEECAS1,
	Number = {11},
	Pages = {3011--3022},
	Title = {A Discrete-Time {FFT} Processor for Ultrawideband {OFDM} Wireless Transceivers: Architecture and Behavioral Modeling},
	Volume = {57},
	Year = {2010}}

@inproceedings{lehne2006mixed,
	Author = {Lehne, M. and Raman, S.},
	Booktitle = {Proc. IEEE Sarnoff Symp.},
	Title = {An analog/mixed-signal {FFT} processor for wideband {OFDM} systems},
	Year = {2006}}

@article{leshem2000cmseparation,
	Author = {Leshem, A.},
	Journal = IEEETSP,
	Number = {10},
	Pages = {2948--2952},
	Publisher = {IEEE},
	Title = {Maximum likelihood separation of constant modulus signals},
	Volume = {48},
	Year = {2000}}

@article{leshem2001uncalibrated,
	Author = {Leshem, A. and Van der Veen, A.J.},
	Journal = IEEESPL,
	Number = {4},
	Pages = {120--122},
	Publisher = {IEEE},
	Title = {Multichannel detection of {G}Aussian signals with uncalibrated receivers},
	Volume = {8},
	Year = {2001}}

@article{letaief2009cooperative,
	Author = {Letaief, B. and Zhang, W.},
	Journal = {PROCIEEE},
	Number = {5},
	Pages = {878--893},
	Publisher = {IEEE},
	Title = {Cooperative communications for cognitive radio networks},
	Volume = {97},
	Year = {2009}}

@conference{Leus2004,
	Author = {Leus, G.},
	Booktitle = EUSIPCO,
	Pages = {2227--2230},
	Title = {On the Estimation Of Rapidly Time Varying Channels},
	Year = {2004}}

@conference{leus2004rapid,
	Author = {Leus, G.},
	Booktitle = EUSIPCO,
	Pages = {2227--2230},
	Title = {On the Estimation Of Rapidly Time Varying Channels},
	Year = {2004}}

@article{leus2011psbs,
	Author = {Leus, G. and Ariananda, D. D.},
	Journal = IEEESPL,
	Number = {8},
	Pages = {443--446},
	Publisher = {IEEE},
	Title = {Power spectrum blind sampling},
	Volume = {18},
	Year = {2011}}

@inproceedings{leus2011secondorder,
	Author = {Leus, G. and Tian, Z.},
	Booktitle = CAMSAP,
	Doi = {10.1109/CAMSAP.2011.6136019},
	Month = {Dec.},
	Pages = {337-340},
	Title = {Recovering second-order statistics from compressive measurements},
	Year = {2011},
	Bdsk-Url-1 = {http://dx.doi.org/10.1109/CAMSAP.2011.6136019}}

@inproceedings{lexa2011psd,
	Author = {Lexa, M.A. and Davies, M. E. and Thompson, J. S. and Nikolic, J.},
	Booktitle = ICASSP,
	Doi = {10.1109/ICASSP.2011.5947200},
	Issn = {1520-6149},
	Month = {May},
	Pages = {3884-3887},
	Title = {Compressive power spectral density estimation},
	Year = {2011},
	Bdsk-Url-1 = {http://dx.doi.org/10.1109/ICASSP.2011.5947200}}

@article{li2007kalman,
	Author = {Li, X. and Wong, T. F.},
	Doi = {10.1109/TWC.2007.05352},
	Issn = {1536-1276},
	Journal = IEEETCOM,
	Month = {feb.},
	Number = {2},
	Pages = {691-700},
	Title = {Turbo equalization with nonlinear {K}alman filtering for time-varying frequency-selective fading channels},
	Volume = {6},
	Year = {2007},
	Bdsk-Url-1 = {http://dx.doi.org/10.1109/TWC.2007.05352}}

@article{liang2011overview,
	Author = {Liang, Y. C. and Chen, K. C. and Li, G. Y. and Mahonen, P.},
	Doi = {10.1109/TVT.2011.2158673},
	Issn = {0018-9545},
	Journal = IEEETVT,
	Number = {7},
	Pages = {3386-3407},
	Title = {Cognitive Radio Networking and Commun.: An Overview},
	Volume = {60},
	Year = {2011},
	Bdsk-Url-1 = {http://dx.doi.org/10.1109/TVT.2011.2158673}}

@article{lin2003nonpsd,
	Author = {Lin, Hsuan-Tien and Lin, Chih-Jen},
	Journal = {submitted to Neural Computation},
	Pages = {1--32},
	Title = {A study on sigmoid kernels for SVM and the training of non-PSD kernels by SMO-type methods},
	Year = {2003}}

@article{lin1998nonuniform,
	Author = {Lin, Y. P. and Vaidyanathan, P. P.},
	Doi = {10.1109/82.664240},
	Issn = {1057-7130},
	Journal = {IEEE Trans. Circuits Syst. II: Analog Digit. Sig. Process.},
	Month = {Mar.},
	Number = {3},
	Pages = {340-351},
	Title = {Periodically nonuniform sampling of bandpass signals},
	Volume = {45},
	Year = {1998},
	Bdsk-Url-1 = {http://dx.doi.org/10.1109/82.664240}}

@article{linebarger1993sparsearrays,
	Author = {Linebarger, D. A. and Sudborough, I. H. and Tollis, I. G.},
	Doi = {10.1109/18.212309},
	File = {:/home/dani/thesis/docear/../bib/array_processing/linebarger1993sparsearrays.pdf:PDF},
	Issn = {0018-9448},
	Journal = IEEETIT,
	Number = {2},
	Pages = {716-721},
	Title = {Difference bases and sparse sensor arrays},
	Volume = {39},
	Year = {1993},
	Bdsk-Url-1 = {http://dx.doi.org/10.1109/18.212309}}

@inproceedings{ling2011decentralized,
	Author = {Ling, Q. and Tian, Z.},
	Booktitle = ICASSP,
	Doi = {10.1109/ICASSP.2011.5946288},
	Issn = {1520-6149},
	Month = {May},
	Pages = {2996-2999},
	Title = {Decentralized support detection of multiple measurement vectors with joint sparsity},
	Year = {2011},
	Bdsk-Url-1 = {http://dx.doi.org/10.1109/ICASSP.2011.5946288}}

@article{ling2010decentralized,
	Author = {Ling, Q. and Tian, Z.},
	Doi = {10.1109/TSP.2010.2047721},
	Issn = {1053-587X},
	Journal = IEEETSP,
	Month = {Jul.},
	Number = {7},
	Pages = {3816-3827},
	Title = {Decentralized Sparse Signal Recovery for Compressive Sleeping Wireless Sensor Networks},
	Volume = {58},
	Year = {2010},
	Bdsk-Url-1 = {http://dx.doi.org/10.1109/TSP.2010.2047721}}

@article{ling2009structural,
	Author = {Ling, Q. and Tian, Z. and Yin, Y. and Li, Y.},
	Doi = {10.1109/JSEN.2009.2019318},
	Issn = {1530-437X},
	Journal = IEEESENSORS,
	Month = {Nov.},
	Number = {11},
	Pages = {1596-1604},
	Title = {Localized Structural Health Monitoring Using Energy-Efficient Wireless Sensor Networks},
	Volume = {9},
	Year = {2009},
	Bdsk-Url-1 = {http://dx.doi.org/10.1109/JSEN.2009.2019318}}

@book{luenberger,
	Author = {Luenberger, David G},
	Publisher = {Springer},
	Title = {Linear and nonlinear programming},
	Year = {2003}}

@inproceedings{6478162,
	Author = {Jun Luo and Jun Wang and Qiang Li and Shaoqian Li},
	Booktitle = DYSPAN,
	Doi = {10.1109/DYSPAN.2012.6478162},
	Pages = {389-396},
	Title = {GLRT based cooperative spectrum sensing with soft combination in heterogeneous networks},
	Year = {2012},
	Bdsk-Url-1 = {http://dx.doi.org/10.1109/DYSPAN.2012.6478162}}

@conference{roberto2009wideband,
	Author = {L{\'o}pez-Valcarce, R. and V\'azquez-Vilar, G.},
	Booktitle = SPAWC,
	Pages = {96--100},
	Title = {{Wideband spectrum sensing in cognitive radio: Joint estimation of noise variance and multiple signal levels}},
	Year = {2009}}

@conference{roberto2010overcoming,
	Author = {L{\'o}pez-Valcarce, R. and V\'azquez-Vilar, G. and Sala, J.},
	Booktitle = CIP,
	Issn = {2150-4938},
	Pages = {310--315},
	Title = {{Multiantenna spectrum sensing for cognitive radio: overcoming noise uncertainty}},
	Year = {2010}}

@inproceedings{ma2002timevarying,
	Author = {Ma, X. and Giannakis, G. B.},
	Booktitle = {Proc. IEEE Int. Symp. Circuits Syst.},
	Pages = {647--650},
	Title = {Space-time coding for doubly selective channels},
	Volume = {3},
	Year = {2002}}

@inproceedings{maddahali2006xchannel,
	Author = {Maddah-Ali, M.A. and Motahari, A.S. and Khandani, A.K.},
	Booktitle = {Information Theory, 2006 IEEE Int. Symposium on},
	Doi = {10.1109/ISIT.2006.261922},
	Month = {Jul.},
	Pages = {2104-2108},
	Title = {Signaling over MIMO Multi-Base Systems: Combination of Multi-Access and Broadcast Schemes},
	Year = {2006},
	Bdsk-Url-1 = {http://dx.doi.org/10.1109/ISIT.2006.261922}}

@inproceedings{maddahali2010stale,
	Author = {Maddah-Ali, M.A. and Tse, D.},
	Booktitle = {Communication, Control, and Computing (Allerton), 2010 48th Annual Allerton Conf. on},
	Doi = {10.1109/ALLERTON.2010.5707049},
	Month = {Oct.},
	Pages = {1188-1195},
	Title = {Completely stale transmitter channel state information is still very useful},
	Year = {2010},
	Bdsk-Url-1 = {http://dx.doi.org/10.1109/ALLERTON.2010.5707049}}

@inproceedings{maleki2010twostage,
	Author = {Maleki, S. and Pandharipande, A. and Leus, G.},
	Booktitle = ICASSP,
	Doi = {10.1109/ICASSP.2010.5496149},
	Issn = {1520-6149},
	Month = {Mar.},
	Pages = {2946-2949},
	Title = {Two-stage spectrum sensing for cognitive radios},
	Year = {2010},
	Bdsk-Url-1 = {http://dx.doi.org/10.1109/ICASSP.2010.5496149}}

@article{malioutov2005sparse,
	Author = {Malioutov, D. and Cetin, M. and Willsky, A. S.},
	Doi = {10.1109/TSP.2005.850882},
	File = {:/home/dani/thesis/bib/papers/compressive_sampling/estimation_and_detection/malioutov2005sparse.pdf:PDF},
	Issn = {1053-587X},
	Journal = IEEETSP,
	Number = {8},
	Pages = {3010-3022},
	Title = {A sparse signal reconstruction perspective for source localization with sensor arrays},
	Volume = {53},
	Year = {2005},
	Bdsk-Url-1 = {http://dx.doi.org/10.1109/TSP.2005.850882}}

@book{marage2010,
	Author = {Marage, J.-P. and Mori, Y.},
	Publisher = {Wiley-ISTE},
	Title = {Sonar and underwater acoustics},
	Year = {2010}}

@article{mardia,
	Author = {Mardia, K. V. and Kent, J. T. and Bibby, J. M.},
	Publisher = {Academic press},
	Title = {Multivariate analysis},
	Year = {1980}}

@article{masry1978poisson,
	Author = {Masry, E.},
	Journal = IEEETIT,
	Month = {Mar.},
	Number = {2},
	Pages = {173-183},
	Title = {Poisson sampling and spectral estimation of continuous-time processes},
	Volume = {24},
	Year = {1978}}

@inproceedings{mateos2011conjoint,
	Author = {Mateos, G. and Giannakis, G. B.},
	Booktitle = EUSIPCO,
	Pages = {1914--1918},
	Title = {Robust conjoint analysis by controlling outlier sparsity},
	Year = {2011}}

@article{matz2006nonstationary,
	Author = {Matz, G. and Hlawatsch, F.},
	Journal = IEEETIT,
	Number = {3},
	Pages = {1067--1086},
	Publisher = {IEEE},
	Title = {Nonstationary spectral analysis based on time-frequency operator symbols and underspread approximations},
	Volume = {52},
	Year = {2006}}

@article{mehanna2014thesis,
	Author = {Mehanna, O.},
	Journal = {PhD thesis, University of Minnesota, MN},
	Title = {Frugal Sensing and Estimation over Wireless Networks},
	Year = {2014}}

@article{mehanna2013frugal,
	Author = {Mehanna, O. and Sidiropoulos, N.},
	Doi = {10.1109/TSP.2013.2252171},
	Issn = {1053-587X},
	Journal = IEEETSP,
	Month = {May},
	Number = {10},
	Pages = {2693-2703},
	Title = {Frugal Sensing: Wideband Power Spectrum Sensing From Few Bits},
	Volume = {61},
	Year = {2013},
	Bdsk-Url-1 = {http://dx.doi.org/10.1109/TSP.2013.2252171}}

@article{menni2012cramerrao,
	Author = {Menni, T. and Chaumette, E. and Larzabal, P. and Barbot, J. P.},
	Doi = {10.1109/TSP.2011.2177827},
	Issn = {1053-587X},
	Journal = IEEETSP,
	Month = {Mar.},
	Number = {3},
	Pages = {1032-1049},
	Title = {New Results on Deterministic Cramer-Rao Bounds for Real and Complex Parameters},
	Volume = {60},
	Year = {2012},
	Bdsk-Url-1 = {http://dx.doi.org/10.1109/TSP.2011.2177827}}

@book{meyr,
	Author = {Meyr, H. and Moeneclaey, M. and Fechtel, S. A.},
	Publisher = {Wiley Online Library},
	Title = {Digital communication receivers},
	Year = {1998}}

@book{micchelli1984,
	Author = {Micchelli, C. A.},
	Publisher = {Springer},
	Title = {Interpolation of Scattered Data: Distance Matrices and Conditionally Positive Definite Functions},
	Year = {1984}}

@article{micchelli2005vectorvalued,
	Author = {Micchelli, C. A. and Pontil, M.},
	Journal = {Neural Comput.},
	Number = {1},
	Pages = {177--204},
	Publisher = {MIT Press},
	Title = {On learning vector-valued functions},
	Volume = {17},
	Year = {2005}}

@article{miller1971three,
	Author = {Miller, J. C. P.},
	Journal = {Comput. Number Theory},
	Pages = {299--322},
	Publisher = {Academic Press, NY},
	Title = {Difference bases: {T}hree problems in additive number theory},
	Year = {1971}}

@article{mishali2011subnyquist,
	Author = {Mishali, M. and Eldar, Y. C.},
	Doi = {10.1109/MSP.2011.942308},
	Issn = {1053-5888},
	Journal = IEEESPM,
	Number = {6},
	Pages = {98-124},
	Title = {Sub-{N}Yquist Sampling: bridging theory and practice},
	Volume = {28},
	Year = {2011},
	Bdsk-Url-1 = {http://dx.doi.org/10.1109/MSP.2011.942308}}

@article{mishali2010practice,
	Author = {Mishali, M. and Eldar, Y. C.},
	Doi = {10.1109/JSTSP.2010.2042414},
	Issn = {1932-4553},
	Journal = IEEEJSTSP,
	Month = {Apr.},
	Number = {2},
	Pages = {375-391},
	Title = {From Theory to Practice: Sub-{N}Yquist Sampling of Sparse Wideband Analog Signals},
	Volume = {4},
	Year = {2010},
	Bdsk-Url-1 = {http://dx.doi.org/10.1109/JSTSP.2010.2042414}}

@article{mishali2009reconstruction,
	Author = {Mishali, M. and Eldar, Y. C.},
	Doi = {10.1109/TSP.2009.2012791},
	Issn = {1053-587X},
	Journal = IEEETSP,
	Month = {Mar.},
	Number = {3},
	Pages = {993-1009},
	Title = {Blind Multiband Signal Reconstruction: Compressed Sensing for Analog Signals},
	Volume = {57},
	Year = {2009},
	Bdsk-Url-1 = {http://dx.doi.org/10.1109/TSP.2009.2012791}}

@article{mitola1999cr,
	Author = {Mitola III, J. and Maguire Jr, G. Q.},
	Journal = {IEEE Pers. Commun.},
	Number = {4},
	Pages = {13--18},
	Publisher = {IEEE},
	Title = {Cognitive radio: making software radios more personal},
	Volume = {6},
	Year = {1999}}

@article{mitola2000phd,
	Author = {Mitola, J. and others},
	Journal = {Doctor of Technology, Royal Inst. Technol.(KTH), Stockholm, Sweden},
	Pages = {271--350},
	Title = {{Cognitive radio: An integrated agent architecture for software defined radio}},
	Year = {2000}}

@article{moffet1968mra,
	Author = {Moffet, A.},
	Doi = {10.1109/TAP.1968.1139138},
	File = {:/home/dani/thesis/docear/../bib/array_processing/moffet1968mra.pdf:PDF},
	Issn = {0018-926X},
	Journal = IEEEAP,
	Month = {Mar.},
	Number = {2},
	Pages = {172-175},
	Title = {Minimum-redundancy linear arrays},
	Volume = {16},
	Year = {1968},
	Bdsk-Url-1 = {http://dx.doi.org/10.1109/TAP.1968.1139138}}

@article{mohammadkarimi2011fading,
	Author = {Mohammadkarimi, M. and Mahboobi, B. and Ardebilipour, M.},
	Doi = {10.1109/LCOMM.2011.082011.111229},
	Issn = {1089-7798},
	Journal = IEEECL,
	Month = {Oct.},
	Number = {10},
	Pages = {1032-1034},
	Title = {Optimal Spectrum Sensing in Fast Fading Rayleigh Channel for Cognitive Radio},
	Volume = {15},
	Year = {2011},
	Bdsk-Url-1 = {http://dx.doi.org/10.1109/LCOMM.2011.082011.111229}}

@article{moon1996em,
	Author = {Moon, T.K.},
	Doi = {10.1109/79.543975},
	Issn = {1053-5888},
	Journal = IEEESPM,
	Month = {nov},
	Number = {6},
	Pages = {47-60},
	Title = {The expectation-maximization algorithm},
	Volume = {13},
	Year = {1996},
	Bdsk-Url-1 = {http://dx.doi.org/10.1109/79.543975}}

@book{muirhead,
	Author = {Muirhead, R. J.},
	Publisher = {John Wiley \& Sons Inc.},
	Title = {Aspects of multivariate statistical theory},
	Year = {2005}}

@article{nagao1973covariance,
	Author = {Nagao, H.},
	Journal = {Annals Stat.},
	Pages = {700--709},
	Publisher = {JSTOR},
	Title = {On some test criteria for covariance matrix},
	Year = {1973}}

@inproceedings{nishimori2007opportunity,
	Author = {Nishimori, K. and Di Taranto, R. and Yomo, H. and Popovski, P. and Takatori, Y. and Prasad, R. and Kubota, S.},
	Booktitle = {Proc. IEEE Veh. Technol. Conf.},
	Doi = {10.1109/VETECS.2007.541},
	Issn = {1550-2252},
	Month = {Apr.},
	Pages = {2631-2635},
	Title = {Spatial Opportunity for Cognitive Radio Systems with Heterogeneous Path Loss Conditions},
	Year = {2007},
	Bdsk-Url-1 = {http://dx.doi.org/10.1109/VETECS.2007.541}}

@book{nocedal,
	Author = {Nocedal, J. and Wright, S. J.},
	Publisher = {Springerverlang, USA},
	Title = {Numerical optimization},
	Year = {1999}}

@article{noels2005turbo,
	Author = {Noels, N. and Lottici, V. and Dejonghe, A. and Steendam, H. and Moeneclaey, M. and Luise, M. and Vandendorpe, L.},
	Journal = {EURASIP J. on Wireless Commun. and Netw.},
	Number = {2},
	Pages = {117--129},
	Publisher = {Hindawi Publishing Corp.},
	Title = {A theoretical framework for soft-information-based synchronization in iterative (turbo) receivers},
	Volume = {2005},
	Year = {2005}}

@misc{notor2006evolution,
	Author = {Notor, J.},
	Journal = {2006-02]. http://www. eecs. berkeley. edu/-dtse/3r\_notor. ppt},
	Title = {The evolution of spectrum sharing in the IEEE 802.22 WRAN standards process}}

@book{osgoodnotes,
	Author = {Brad Osgood},
	Publisher = {Lecture Notes for EE 261, Stanford University},
	Title = {The Fourier Transform and its Applications}}

@article{otnes2004timevarying,
	Author = {Otnes, R. and Tuchler, M.},
	Doi = {10.1109/TWC.2004.837421},
	Issn = {1536-1276},
	Journal = IEEETCOM,
	Month = {Nov.},
	Number = {6},
	Pages = {1918-1923},
	Title = {Iterative channel estimation for turbo equalization of time-varying frequency-selective channels},
	Volume = {3},
	Year = {2004},
	Bdsk-Url-1 = {http://dx.doi.org/10.1109/TWC.2004.837421}}

@article{ottersten1998matching,
	Author = {Ottersten, B. and Stoica, P. and Roy, R.},
	Journal = {Digit. Sig. Process.},
	Number = {3},
	Pages = {185--210},
	Publisher = {Elsevier},
	Title = {Covariance matching estimation techniques for array signal processing applications},
	Volume = {8},
	Year = {1998}}

@inproceedings{pakrooh2013crb,
	Author = {Pakrooh, P. and Scharf, L. L. and Pezeshki, A. and Chi, Y.},
	Booktitle = ICASSP,
	Doi = {10.1109/ICASSP.2013.6638944},
	Issn = {1520-6149},
	Pages = {6630-6634},
	Title = {Analysis of {F}isher information and the {C}ramer-{R}ao bound for nonlinear parameter estimation after compressed sensing},
	Year = {2013},
	Bdsk-Url-1 = {http://dx.doi.org/10.1109/ICASSP.2013.6638944}}

@article{pal2012twodimensions1,
	Author = {Pal, P. and Vaidyanathan, P. P.},
	Doi = {10.1109/TSP.2012.2203814},
	Issn = {1053-587X},
	Journal = IEEETSP,
	Number = {9},
	Pages = {4694-4705},
	Title = {Nested Arrays in Two Dimensions. {P}art {I}: Geometrical Considerations},
	Volume = {60},
	Year = {2012},
	Bdsk-Url-1 = {http://dx.doi.org/10.1109/TSP.2012.2203814}}

@inproceedings{pal2011coprime,
	Author = {Pal, P. and Vaidyanathan, P. P.},
	Booktitle = {IEEE Digit. Sig. Process. Workshop},
	Doi = {10.1109/DSP-SPE.2011.5739227},
	Month = {Jan.},
	Pages = {289-294},
	Title = {Coprime sampling and the {MUSIC} algorithm},
	Year = {2011},
	Bdsk-Url-1 = {http://dx.doi.org/10.1109/DSP-SPE.2011.5739227}}

@article{pal2010nested,
	Author = {Pal, P. and Vaidyanathan, P. P.},
	Doi = {10.1109/TSP.2010.2049264},
	File = {:/home/dani/thesis/docear/../bib/array_processing/pal2010nested.pdf:PDF},
	Issn = {1053-587X},
	Journal = IEEETSP,
	Month = {Aug.},
	Number = {8},
	Pages = {4167-4181},
	Title = {Nested Arrays: A Novel Approach to Array Processing With Enhanced Degrees of Freedom},
	Volume = {58},
	Year = {2010},
	Bdsk-Url-1 = {http://dx.doi.org/10.1109/TSP.2010.2049264}}

@article{papoulis1985predictable,
	Author = {Papoulis, A.},
	Doi = {10.1109/TASSP.1985.1164637},
	Issn = {0096-3518},
	Journal = IEEETSP,
	Month = {Aug.},
	Number = {4},
	Pages = {933-938},
	Title = {Predictable processes and Wold's decomposition: A review},
	Volume = {33},
	Year = {1985},
	Bdsk-Url-1 = {http://dx.doi.org/10.1109/TASSP.1985.1164637}}

@book{papoulis1977,
	Address = {New York},
	Author = {Papoulis, A.},
	Publisher = {McGraw-Hill},
	Title = {Signal Analysis},
	Year = {1977}}

@book{papoulis,
	Author = {Papoulis, A. and Pillai, S. U.},
	Publisher = {McGraw Hill Higher Education},
	Title = {Probability, Random Variables and Stochastic Processes},
	Year = {2002}}

@article{pearson1990nearoptimal,
	Author = {Pearson, D. and Pillai, S. U. and Lee, Y.},
	Doi = {10.1109/18.59928},
	File = {:/home/dani/thesis/docear/../bib/array_processing/pearson1990nearoptimal.pdf:PDF},
	Issn = {0018-9448},
	Journal = IEEETIT,
	Number = {6},
	Pages = {1280-1284},
	Title = {An algorithm for near-optimal placement of sensor elements},
	Volume = {36},
	Year = {1990},
	Bdsk-Url-1 = {http://dx.doi.org/10.1109/18.59928}}

@inproceedings{silva2011consensuscorrelated,
	Author = {S. Silva Pereira and A. Pag{\`e}s Zamora},
	Booktitle = {IEEE Int. Workshop on Signal Process. Advances for Wireless Commun.},
	Month = {2011},
	Pages = {126-130},
	Title = {{C}onsensus in random {WSN}s with correlated symmetric links},
	Url = {http://gps-tsc4.upc.es/documents/file_1529.pdf},
	Year = {Jun.},
	Bdsk-Url-1 = {http://gps-tsc4.upc.es/documents/file_1529.pdf}}

@article{perezneira2009matching,
	Author = {Perez-Neira, A.I. and Lagunas, Miguel-Angel and Rojas, M.A. and Stoica, P.},
	Doi = {10.1109/TSP.2009.2027778},
	Issn = {1053-587X},
	Journal = IEEETSP,
	Month = {Dec.},
	Number = {12},
	Pages = {4823-4836},
	Title = {Correlation Matching Approach for Spectrum Sensing in Open Spectrum Communications},
	Volume = {57},
	Year = {2009},
	Bdsk-Url-1 = {http://dx.doi.org/10.1109/TSP.2009.2027778}}

@article{pillai1989smoothing,
	Author = {Pillai, S.U. and Kwon, B.H.},
	Doi = {10.1109/29.17496},
	File = {:/home/dani/thesis/bib/papers/array_processing/pillai1989smoothing.pdf:PDF},
	Issn = {0096-3518},
	Journal = {Acoustics, Speech and Signal Processing, IEEE Transactions on},
	Keywords = {eigenvalues and eigenfunctions;matrix algebra;signal processing;coherent signal identification;complex conjugated backward subarrays;covariance matrix;eigenstructure-based techniques;forward subarrays;spatial smoothing scheme;Covariance matrix;Direction of arrival estimation;Forward contracts;Layout;Pattern classification;Sensor arrays;Signal processing;Signal resolution;Smoothing methods;Spatial resolution},
	Month = {Jan},
	Number = {1},
	Pages = {8-15},
	Title = {Forward/backward spatial smoothing techniques for coherent signal identification},
	Volume = {37},
	Year = {1989},
	Bdsk-Url-1 = {http://dx.doi.org/10.1109/29.17496}}

@article{pillai1985improved,
	Author = {Pillai, S. U. and Bar-Ness, Y. and Haber, F.},
	Doi = {10.1109/PROC.1985.13324},
	Issn = {0018-9219},
	Journal = PROCIEEE,
	Number = {10},
	Pages = {1522-1524},
	Title = {A new approach to array geometry for improved spatial spectrum estimation},
	Volume = {73},
	Year = {1985},
	Bdsk-Url-1 = {http://dx.doi.org/10.1109/PROC.1985.13324}}

@article{pillai1987augmented,
	Author = {Pillai, S. U. and Haber, F.},
	Doi = {10.1109/TASSP.1987.1165068},
	Issn = {0096-3518},
	Journal = IEEETASSP,
	Number = {11},
	Pages = {1517-1523},
	Title = {Statistical analysis of a high resolution spatial spectrum estimator utilizing an augmented covariance matrix},
	Volume = {35},
	Year = {1987},
	Bdsk-Url-1 = {http://dx.doi.org/10.1109/TASSP.1987.1165068}}

@article{platt1998smo,
	Author = {Platt, J.},
	Journal = {technical report msr-tr-98-14, Microsoft Research},
	Title = {Sequential minimal optimization: A fast algorithm for training support vector machines},
	Year = {1998}}

@incollection{platt1999smo,
	Address = {Cambridge, MA},
	Author = {Platt, J. C.},
	Booktitle = {Advances in Kernel Methods},
	Pages = {185--208},
	Publisher = {MIT Press},
	Title = {Fast Training of Support Vector Machines Using Sequential Minimal Optimization},
	Year = {1999}}

@inproceedings{polo2009wideband,
	Author = {Polo, Y.L. and Ying Wang and Pandharipande, A. and Leus, G.},
	Booktitle = ICASSP,
	Doi = {10.1109/ICASSP.2009.4960089},
	Issn = {1520-6149},
	Month = {Apr.},
	Pages = {2337-2340},
	Title = {Compressive wide-band spectrum sensing},
	Year = {2009},
	Bdsk-Url-1 = {http://dx.doi.org/10.1109/ICASSP.2009.4960089}}

@article{pumphrey1993sparsearrays,
	Author = {Pumphrey, H. C.},
	Journal = {J. Acoust. Society America},
	Pages = {1620},
	Title = {Design of sparse arrays in one, two, and three dimensions},
	Volume = {93},
	Year = {1993}}

@article{quan2008collaborativewideband,
	Author = {Quan, Z. and Cui, S. and Poor, H. and Sayed, A.},
	Journal = IEEESPM,
	Number = {6},
	Pages = {60--73},
	Publisher = {IEEE},
	Title = {Collaborative wideband sensing for cognitive radios},
	Volume = {25},
	Year = {2008}}

@article{quan2009wideband,
	Author = {Quan, Z. and Cui, S. and Sayed, A. H. and Poor, H. V.},
	Journal = IEEETSP,
	Number = {3},
	Pages = {1128--1140},
	Publisher = {IEEE},
	Title = {Optimal multiband joint detection for spectrum sensing in cognitive radio networks},
	Volume = {57},
	Year = {2009}}

@article{quan2011feature,
	Author = {Quan, Z. and Zhang, W. and Shellhammer, S.J. and Sayed, A.H.},
	Doi = {10.1109/TCOMM.2010.112310.090306},
	Issn = {0090-6778},
	Journal = IEEETCOM,
	Month = {january},
	Number = {1},
	Pages = {201-212},
	Title = {Optimal Spectral Feature Detection for Spectrum Sensing at Very Low SNR},
	Volume = {59},
	Year = {2011},
	Bdsk-Url-1 = {http://dx.doi.org/10.1109/TCOMM.2010.112310.090306}}

@article{quan2011spectralinfo,
	Author = {Quan, Z. and Zhang, W. and Shellhammer, S. J. and Sayed, A. H.},
	Journal = IEEETCOM,
	Month = {Jan.},
	Number = {1},
	Pages = {201--212},
	Publisher = {IEEE},
	Title = {Optimal spectral feature detection for spectrum sensing at very low {SNR}},
	Volume = {59},
	Year = {2011}}

@article{ramirez2013lmpit,
	Author = {Ramirez, D. and V\'ia, J. and Santamaria, I. and Scharf, L. L.},
	Doi = {10.1109/TIT.2012.2232705},
	Issn = {0018-9448},
	Journal = IEEETIT,
	Number = {4},
	Pages = {2128-2141},
	Title = {Locally Most Powerful Invariant Tests for Correlation and Sphericity of {G}Aussian Vectors},
	Volume = {59},
	Year = {2013},
	Bdsk-Url-1 = {http://dx.doi.org/10.1109/TIT.2012.2232705}}

@article{ramirez2011rankp,
	Author = {D. Ram{\'\i}rez and G. V\'azquez-Vilar and R. L{\'o}pez-Valcarce and J. V{\'\i}a and I. Santamar{\'\i}a},
	Journal = IEEETSP,
	Month = {Aug.},
	Number = {8},
	Pages = {3764--3774},
	Title = {Detection of Rank-{P} signals in Cognitive Radio Networks with Uncalibrated Multiple Antennas},
	Volume = {59},
	Year = {2011}}

@article{ramirez2010spatiallycorrelated,
	Author = {D. Ram{\'\i}rez and J. V{\'\i}a and I. Santamar{\'\i}a and L. L. Scharf},
	Journal = IEEETSP,
	Month = {Oct.},
	Number = {10},
	Pages = {5006--5015},
	Title = {Detection of Spatially Correlated {G}Aussian Time Series},
	Volume = {58},
	Year = {2010}}

@article{rantakokko2011soldier,
	Author = {Rantakokko, J. and Rydell, J. and Callmer, J. and Gustafsson, F. and Jobs, M.},
	Journal = {Wireless Commun., IEEE},
	Number = {2},
	Pages = {10--18},
	Publisher = {IEEE},
	Title = {Accurate and reliable soldier and first responder indoor positioning: multisensor systems and cooperative localization},
	Volume = {18},
	Year = {2011}}

@article{Rantakokko2011,
	Author = {Rantakokko, Jouni and Rydell, Joakim and Stromback, Peter and Handel, Peter and Callmer, Jonas and Tornqvist, David and Gustafsson, Fredrik and Grud{\'e}n, Mathias},
	Dcr_Bibtex_Id = {13303},
	Dcr_Pdf_Hash = {8E8560EAE13649D6E698EDE0FAB0FEEFE9BED88F3B410D1F9731647C6DAE24},
	File = {:/home/dani/thesis/bib/localization/rantakokko2011soldier.pdf:PDF},
	Journal = {Wireless Communications, IEEE},
	Number = {2},
	Owner = {dani},
	Pages = {10--18},
	Publisher = {IEEE},
	Timestamp = {2013.12.08},
	Title = {Accurate and reliable soldier and first responder indoor positioning: multisensor systems and cooperative localization},
	Volume = {18},
	Year = {2011}}

@article{rao,
	Author = {Rao, C. R.},
	Publisher = {John Wiley \& Sons},
	Title = {Linear Statistical Inference and Its Applications, paperback},
	Year = {2002}}

@book{roman,
	Author = {Roman, S.},
	Publisher = {Springer},
	Title = {Advanced linear algebra, Third Edition},
	Volume = {135},
	Year = {2008}}

@article{romero2015covariancesensing,
	Author = {Romero, D. and Ariananda, D. D. and Tian, Z. and Leus, G.},
	Journal = IEEESPM,
	Month = {Jan.},
	Number = {1},
	Pages = {78--93},
	Title = {Compressive Covariance Sensing: Structure-based compressive sensing beyond sparsity},
	Volume = {33},
	Year = {2016}}

@article{romero2016covariancesensing,
	Author = {Romero, D. and Ariananda, D. D. and Tian, Z. and Leus, G.},
	Journal = IEEESPM,
	Month = {Jan.},
	Number = {1},
	Pages = {78--93},
	Title = {Compressive Covariance Sensing: Structure-based compressive sensing beyond sparsity},
	Volume = {33},
	Year = {2016}}

@inproceedings{romero2015online,
	Address = {Baltimore, MD},
	Author = {Romero, D. and Kim, S.-J. and Giannakis, G. B.},
	Booktitle = {Proc. Conf. Inf. Sci. Syst.},
	Month = {Mar.},
	Title = {Online Spectrum Cartography via Quantized Measurements},
	Year = {2015}}

@inproceedings{romero2015onlinesemiparametric,
	Address = {Cancun, Mexico},
	Author = {Romero, D. and Kim, S.-J. and Giannakis, G. B.},
	Booktitle = CAMSAP,
	Month = {Dec.},
	Pages = {513--516},
	Title = {Stochastic Semiparametric Regression for Spectrum Cartography},
	Year = {2015}}

@inproceedings{romero2015cartography,
	Address = {Brisbane, Australia},
	Author = {Romero, D. and Kim, S.-J. and L\'opez-Valcarce, R. and Giannakis, G. B.},
	Booktitle = ICASSP,
	Month = {Apr.},
	Pages = {3252 - 3256},
	Title = {Spectrum Cartography using Quantized Observations},
	Year = {2015}}

@article{romero2014wm,
	Author = {Romero, D. and L\'opez-Valcarce, R.},
	Journal = IEEETVT,
	Month = {Nov.},
	Number = {9},
	Pages = {4395-4407},
	Title = {Spectrum Sensing for Wireless Microphone Signals using Multiple Antennas},
	Volume = {63},
	Year = {2014}}

@inproceedings{romero2014nearly,
	Address = {Toronto, Canada},
	Author = {Romero, D. and L\'opez-Valcarce, R.},
	Booktitle = SPAWC,
	Month = {Jun.},
	Pages = {434-438},
	Title = {Nearly-optimal compression matrices for signal power estimation},
	Year = {2014}}

@inproceedings{romero2013timevarying,
	Address = {Darmstadt, Germany},
	Author = {Romero, D. and L\'opez-Valcarce, R.},
	Booktitle = SPAWC,
	Doi = {10.1109/SPAWC.2013.6612027},
	File = {:/home/dani/thesis/topics/time_varying/spawc_2013/paper/draft_v4/multiantenna-em.pdf:PDF},
	Issn = {1948-3244},
	Keywords = {Gaussian processes;antenna arrays;expectation-maximisation algorithm;signal detection;time-varying channels;Gaussian signal detection;basis expansion model;expectation-maximization algorithm;generalized likelihood ratio test;maximum likelihood estimates;multiple antennas;noise power;spatial correlation;spectrum sensing;time varying channels;Antennas;Detectors;Maximum likelihood estimation;Signal processing algorithms;Signal to noise ratio;Wireless communication;Spectrum sensing;cognitive radio;detection theory;time-varying channels},
	Month = {Jun.},
	Pages = {135-139},
	Title = {Spectrum sensing in time-varying channels using multiple antennas},
	Year = {2013},
	Bdsk-Url-1 = {http://dx.doi.org/10.1109/SPAWC.2013.6612027}}

@inproceedings{romero2012unknown,
	Address = {Baiona, Spain},
	Author = {Romero, D. and L\'opez-Valcarce, R.},
	Booktitle = CIP,
	Doi = {10.1109/CIP.2012.6232933},
	Month = {May},
	Title = {Detection of unknown constant magnitude signals in time-varying channels},
	Year = {2012},
	Bdsk-Url-1 = {http://dx.doi.org/10.1109/CIP.2012.6232933}}

@inproceedings{romero2011blcm,
	Address = {San Juan, Puerto Rico},
	Author = {Romero, D. and L\'opez-Valcarce, R.},
	Booktitle = CAMSAP,
	Doi = {10.1109/CAMSAP.2011.6136015},
	Month = {Dec.},
	Pages = {321-324},
	Title = {Bandlimited or constant envelope? Exploiting waveform properties in Wireless Microphone detection},
	Year = {2011},
	Bdsk-Url-1 = {http://dx.doi.org/10.1109/CAMSAP.2011.6136015}}

@inproceedings{romero2011distributed,
	Address = {San Francisco, CA},
	Author = {Romero, D. and L\'opez-Valcarce, R.},
	Booktitle = SPAWC,
	Doi = {10.1109/SPAWC.2011.5990448},
	Issn = {1948-3244},
	Month = {Jun.},
	Pages = {441-445},
	Title = {Distributed spectrum sensing with multiantenna sensors under calibration errors},
	Year = {2011},
	Bdsk-Url-1 = {http://dx.doi.org/10.1109/SPAWC.2011.5990448}}

@inproceedings{romero2011multiantennacm,
	Address = {San Francisco, CA},
	Author = {Romero, D. and L\'opez-Valcarce, R.},
	Booktitle = SPAWC,
	Doi = {10.1109/SPAWC.2011.5990449},
	Issn = {1948-3244},
	Month = {Jun.},
	Pages = {446-450},
	Title = {Multiantenna detection of constant-envelope signals in noise of unknown variance},
	Year = {2011},
	Bdsk-Url-1 = {http://dx.doi.org/10.1109/SPAWC.2011.5990449}}

@article{romero2015compression,
	Author = {Romero, D. and L\'opez-Valcarce, R. and Leus, G.},
	Journal = IEEETIT,
	Month = {Mar.},
	Number = {3},
	Pages = {1410-1425},
	Title = {Compression Limits for Random Vectors with Linearly Parameterized Second-Order Statistics},
	Volume = {61},
	Year = {2015}}

@article{romero2013wideband,
	Author = {Romero, D. and Leus, G.},
	Doi = {10.1109/TSP.2013.2283473},
	Issn = {1053-587X},
	Journal = IEEETSP,
	Number = {24},
	Pages = {6232-6246},
	Title = {Wideband Spectrum Sensing From Compressed Measurements Using Spectral Prior Information},
	Volume = {61},
	Year = {2013},
	month={Dec.},
	Bdsk-Url-1 = {http://dx.doi.org/10.1109/TSP.2013.2283473}}

@inproceedings{romero2013cwssicassp,
	Address = {Vancouver, Canada},
	Author = {Romero, D. and L\'opez-Valcarce, R. and Leus, G.},
	Booktitle = ICASSP,
	Month = {May.},
	Pages = {4469-4473},
	Title = {COMPRESSIVE WIDEBAND SPECTRUM SENSING WITH SPECTRAL PRIOR INFORMATION},
	Year = {2013}}

@inproceedings{romero2012matched,
	Address = {Kyoto, Japan},
	Author = {Romero, D. and L\'opez-Valcarce, R. and Leus, G.},
	Booktitle = ICASSP,
	Doi = {10.1109/ICASSP.2012.6288587},
	File = {:/home/dani/thesis/topics/time_varying/icassp_2012/final/romero.pdf:PDF},
	Issn = {1520-6149},
	Month = {Mar.},
	Pages = {3165-3168},
	Title = {Generalized matched filter detector for fast fading channels},
	Year = {2012},
	Bdsk-Url-1 = {http://dx.doi.org/10.1109/ICASSP.2012.6288587}}

@inproceedings{romero2013covariancesampling,
	Address = {San Diego, CA},
	Author = {Romero, D. and Leus, G.},
	Booktitle = ITA,
	Doi = {10.1109/ITA.2013.6502949},
	Month = {Feb.},
	Pages = {1-8},
	Title = {Compressive Covariance Sampling},
	Year = {2013},
	Bdsk-Url-1 = {http://dx.doi.org/10.1109/ITA.2013.6502949}}

@article{romero2014homoscedasticity,
	Author = {Romero, D. and V\'ia, J. and L\'opez-Valcarce, R. and Santamar\'ia, I.},
	Journal = {(In preparation)},
	Title = {On the Existence of Locally Optimal Invariant Tests for Homogeneity of Covariance Matrices},
	Year = {2017}}

@inproceedings{romero2012gaussian,
	Address = {Ann Arbor, MI},
	Author = {Romero, D. and V\'ia, J. and L\'opez-Valcarce, R. and Santamaria, I.},
	Booktitle = SSP,
	Doi = {10.1109/SSP.2012.6319858},
	Issn = {pending},
	Month = {Aug.},
	Pages = {916-919},
	Title = {Detection of {G}Aussian signals in unknown time-varying channels},
	Year = {2012},
	Bdsk-Url-1 = {http://dx.doi.org/10.1109/SSP.2012.6319858}}

@inproceedings{Rugini2007,
	Author = {Rugini, L. and Leus, G.},
	Booktitle = CAMSAP,
	Doi = {10.1109/CAMSAP.2007.4497988},
	Month = {Dec.},
	Pages = {153--156},
	Title = {Basis Expansion Adaptive Filters for Time-Varying System Identification},
	Year = {2007},
	Bdsk-Url-1 = {http://dx.doi.org/10.1109/CAMSAP.2007.4497988}}

@inproceedings{rugini2007bem,
	Author = {Rugini, L. and Leus, G.},
	Booktitle = CAMSAP,
	Doi = {10.1109/CAMSAP.2007.4497988},
	Month = {Dec.},
	Pages = {153--156},
	Title = {Basis Expansion Adaptive Filters for Time-Varying System Identification},
	Volume = {31},
	Year = {2007},
	Bdsk-Url-1 = {http://dx.doi.org/10.1109/CAMSAP.2007.4497988}}

@article{redei1949representation,
	Author = {R{\'e}dei, L. and R{\'e}nyi, A.},
	Journal = {Matematicheskii sbornik},
	Number = {3},
	Pages = {385--389},
	Publisher = {Russian Academy of Sciences, Branch of Mathematical Sciences},
	Title = {On the representation of the numbers 1,2,\ldots,N by means of differences ({R}ussian)},
	Volume = {66},
	Year = {1949}}

@inproceedings{sachs2010tvspectrum,
	Author = {Sachs, J. and Maric, I. and Goldsmith, A.},
	Booktitle = DYSPAN,
	Doi = {10.1109/DYSPAN.2010.5457874},
	Month = {Apr.},
	Pages = {1-12},
	Title = {Cognitive Cellular Systems within the TV Spectrum},
	Year = {2010},
	Bdsk-Url-1 = {http://dx.doi.org/10.1109/DYSPAN.2010.5457874}}

@article{sadeghi2009analog,
	Author = {Sadeghi, N. and Gaudet, V. and Schlegel, C.},
	Journal = IEEECAS1,
	Number = {9},
	Pages = {2123--2131},
	Title = {Analog {DFT} processors for {OFDM} receivers: Circuit mismatch and system performance analysis},
	Volume = {56},
	Year = {2009}}

@inproceedings{sahai2005fundamental,
	Address = {Baltimore, MD},
	Author = {Sahai, A. and Cabric, D.},
	Booktitle = DYSPAN,
	Month = {Nov.},
	Title = {Spectrum sensing: fundamental limits and practical challenges},
	Year = {2005}}

@article{sala2012rankone,
	Author = {Sala-\'Alvarez, J. and V\'azquez-Vilar, G. and L\'opez-Valcarce, R.},
	Doi = {10.1109/TSP.2012.2189767},
	Issn = {1053-587X},
	Journal = IEEETSP,
	Number = {6},
	Pages = {3065-3078},
	Title = {Multiantenna {GLR} Detection of Rank-One Signals With Known Power Spectrum in White Noise With Unknown Spatial Correlation},
	Volume = {60},
	Year = {2012},
	Bdsk-Url-1 = {http://dx.doi.org/10.1109/TSP.2012.2189767}}

@article{sayed2005location,
	Author = {Sayed, A.H. and Tarighat, A. and Khajehnouri, N.},
	Journal = IEEESPM,
	Number = {4},
	Pages = {24--40},
	Publisher = {IEEE},
	Title = {Network-based wireless location: challenges faced in developing techniques for accurate wireless location information},
	Volume = {22},
	Year = {2005}}

@inproceedings{scholkopf1996invariances,
	Address = {Bochum, Germany},
	Author = {Sch\"{o}lkopf, B. and Burges, C. and Vapnik, V.},
	Booktitle = {Proc. Int. Conf. Artificial Neural Netw.},
	Month = {Jul.},
	Pages = {47--52},
	Publisher = {Springer},
	Title = {Incorporating Invariances in Support Vector Learning Machines},
	Year = {1996}}

@inproceedings{scharf1992cramerrao,
	Author = {Scharf, L .L. and McWhorter, L. T.},
	Booktitle = {Statistical Signal and Array Process., 1992. Conf. Proceedings., IEEE Sixth SP Workshop on},
	Doi = {10.1109/SSAP.1992.246835},
	File = {:/home/dani/thesis/docear/../bib/estimation/scharf1992cramerrao.pdf:PDF},
	Month = {Oct.},
	Pages = {5-8},
	Title = {Geometry of the Cramer-Rao bound},
	Year = {1992},
	Bdsk-Url-1 = {http://dx.doi.org/10.1109/SSAP.1992.246835}}

@book{scharf,
	Author = {Scharf, L. L.},
	Publisher = {Addison-Wesley},
	Title = {Statistical signal processing: detection, estimation, and time series analysis},
	Volume = {1},
	Year = {1991}}

@article{scharf1994subspace,
	Author = {Scharf, L. L. and Friedlander, B.},
	Doi = {10.1109/78.301849},
	Issn = {1053-587X},
	Journal = IEEETSP,
	Month = {Aug},
	Number = {8},
	Pages = {2146-2157},
	Title = {Matched subspace detectors},
	Volume = {42},
	Year = {1994},
	Bdsk-Url-1 = {http://dx.doi.org/10.1109/78.301849}}

@article{schmidt2014linear,
	Author = {Schmidt, J. and Romero, D. and L\'opez-Valcarce, R.},
	Journal = IEEELCOM,
	Month = {Sep.},
	Number = {9},
	Pages = {1543-1546},
	Title = {Active interference cancellation for {OFDM} spectrum sculpting: Linear processing is optimal},
	Volume = {18},
	Year = {2014}}

@article{schott2007covariance,
	Author = {Schott, J.R.},
	Journal = {Comput. Statistics \& Data Analysis},
	Number = {12},
	Pages = {6535--6542},
	Publisher = {Elsevier},
	Title = {A test for the equality of covariance matrices when the dimension is large relative to the sample sizes},
	Volume = {51},
	Year = {2007}}

@article{schott2001equality,
	Author = {Schott, J. R.},
	Journal = {J. Stat. Planning Inference},
	Number = {1},
	Pages = {25--36},
	Publisher = {Elsevier},
	Title = {Some tests for the equality of covariance matrices},
	Volume = {94},
	Year = {2001}}

@book{scholkopf2001,
	Author = {Sch{\"o}lkopf, B. and Smola, A. J.},
	Publisher = {MIT Press},
	Title = {Learning with Kernels: Support Vector Machines, Regularization, Optimization, and Beyond},
	Year = {2002}}

@book{scholkopf2002,
	Author = {Sch{\"o}lkopf, B. and Smola, A. J.},
	Publisher = {MIT Press},
	Title = {Learning with Kernels: Support Vector Machines, Regularization, Optimization, and Beyond},
	Year = {2002}}

@article{sebald2000equalization,
	Author = {Sebald, D. J. and Bucklew, J. A.},
	Journal = IEEETSP,
	Number = {11},
	Pages = {3217--3226},
	Publisher = {IEEE},
	Title = {Support vector machine techniques for nonlinear equalization},
	Volume = {48},
	Year = {2000}}

@article{csenol2005karhunen,
	Author = {Senol, H. and Cirpan, H. A. and Panayirci, E.},
	Journal = {EURASIP J. Wireless Commun. Netw.},
	Number = {2},
	Pages = {163--174},
	Publisher = {Hindawi Publishing Corp.},
	Title = {A low-complexity {KL} expansion-based channel estimator for {OFDM} systems},
	Volume = {2005},
	Year = {2005}}

@book{serra,
	Author = {Serra, J.},
	Publisher = {London. Academic Press.},
	Title = {Image analysis and mathematical morphology},
	Year = {1982}}

@inproceedings{shakeri2012sparseruler,
	Author = {Shakeri, S. and Ariananda, D. D. and Leus, G.},
	Booktitle = SPAWC,
	Doi = {10.1109/SPAWC.2012.6292964},
	Issn = {1948-3244},
	Month = {Jun.},
	Pages = {525-529},
	Title = {Direction of arrival estimation using sparse ruler array design},
	Year = {2012},
	Bdsk-Url-1 = {http://dx.doi.org/10.1109/SPAWC.2012.6292964}}

@article{shen2010limits,
	Author = {Yuan Shen and Win, M.Z.},
	Doi = {10.1109/TIT.2010.2060110},
	Issn = {0018-9448},
	Journal = IEEETIT,
	Month = {Oct.},
	Number = {10},
	Pages = {4956-4980},
	Title = {Fundamental Limits of Wideband Localization x2014; Part I: A General Framework},
	Volume = {56},
	Year = {2010},
	Bdsk-Url-1 = {http://dx.doi.org/10.1109/TIT.2010.2060110}}

@article{silvey1978algorithm,
	Author = {Silvey, SD and Titterington, DH and Torsney, B.},
	Journal = {Commun. in Statistics-Theory and Methods},
	Number = {14},
	Pages = {1379--1389},
	Publisher = {Taylor \& Francis},
	Title = {An algorithm for optimal designs on a design space},
	Volume = {7},
	Year = {1978}}

@article{singer1938projective,
	Author = {Singer, J.},
	Journal = {Trans. American Math. Soc.},
	Number = {3},
	Pages = {377--385},
	Publisher = {JSTOR},
	Title = {A theorem in finite projective geometry and some applications to number theory},
	Volume = {43},
	Year = {1938}}

@book{skolnik2002,
	Author = {Skolnik, M. I.},
	Edition = {3rd},
	Publisher = {McGraw-Hill},
	Title = {Introduction to radar systems},
	Year = {2002}}

@incollection{smola1999semiparametric,
	Address = {Cambridge, MA},
	Author = {Smola, A. J. and Frie{\ss}, T. T. and Sch{\"o}lkopf, B.},
	Booktitle = {Advances in Neural Information Processing Systems},
	Editor = {M. J. Kearns and S. A. Solla and D.A. Cohn},
	Pages = {585--591},
	Publisher = {MIT Press},
	Title = {Semiparametric support vector and linear programming machines},
	Volume = {11},
	Year = {1999}}

@article{smola2004tutorial,
	Author = {Smola, A. J. and Sch\"{o}lkopf, B.},
	Journal = {Stat. Comput.},
	Number = {3},
	Pages = {199--222},
	Publisher = {Springer},
	Title = {A tutorial on support vector regression},
	Volume = {14},
	Year = {2004}}

@article{smola1998regularization,
	Author = {Smola, A. J. and Schoelkopf, B.},
	Journal = {In Advances in Neural information processing systems},
	Pages = {343--349},
	Title = {From regularization operators to support vector kernels},
	Volume = {10},
	Year = {1998}}

@article{smola1998connection,
	Author = {Smola, A. J. and Sch{\"o}lkopf, B. and M{\"u}ller, K.-R.},
	Journal = {Neural Netw.},
	Number = {4},
	Pages = {637--649},
	Title = {The connection between regularization operators and support vector kernels},
	Volume = {11},
	Year = {1998}}

@article{soltanmohammadi2013spectrum,
	Author = {Soltanmohammadi, Erfan and Orooji, Mahdi and Naraghi-Pour, Mort},
	Publisher = {IEEE},
	Title = {Spectrum Sensing Over MIMO Channels Using Generalized Likelihood Ratio Tests},
	Year = {2013}}

@article{song2010eesm,
	Author = {Hui Song and Kwan, R. and Jie Zhang},
	Doi = {10.1109/TWC.2010.05.091431},
	Issn = {1536-1276},
	Journal = IEEETWC,
	Month = {May},
	Number = {5},
	Pages = {1790-1798},
	Title = {General results on SNR statistics involving EESM-based frequency selective feedbacks},
	Volume = {9},
	Year = {2010},
	Bdsk-Url-1 = {http://dx.doi.org/10.1109/TWC.2010.05.091431}}

@article{srivastava2002singular,
	Author = {Srivastava, M.S. and von Rosen, D.},
	Journal = {Linear algebra and its Appl.},
	Number = {1},
	Pages = {255--273},
	Publisher = {Elsevier},
	Title = {Regression models with unknown singular covariance matrix},
	Volume = {354},
	Year = {2002}}

@article{srivastava2010covariance,
	Author = {Srivastava, M.S. and Yanagihara, H.},
	Journal = {J. Multivariate Analysis},
	Number = {6},
	Pages = {1319--1329},
	Publisher = {Elsevier},
	Title = {Testing the equality of several covariance matrices with fewer observations than the dimension},
	Volume = {101},
	Year = {2010}}

@article{stoica2012spectrallines,
	Author = {Stoica, Petre and Babu, P.},
	Doi = {10.1109/TSP.2011.2175222},
	Issn = {1053-587X},
	Journal = {Signal Process., IEEE Transactions on},
	Number = {2},
	Pages = {962-967},
	Title = {Sparse Estimation of Spectral Lines: Grid Selection Problems and Their Solutions},
	Volume = {60},
	Year = {2012},
	Bdsk-Url-1 = {http://dx.doi.org/10.1109/TSP.2011.2175222}}

@article{stoica2012spicelikes,
	Author = {P. Stoica and P. Babu},
	Doi = {10.1016/j.sigpro.2011.11.010},
	Issn = {0165-1684},
	Journal = {Signal Process.},
	Number = {7},
	Pages = {1580-1590},
	Title = {{SPICE} and {LIKES}: Two hyperparameter-free methods for sparse-parameter estimation},
	Volume = {92},
	Year = {2012},
	Bdsk-Url-1 = {http://dx.doi.org/10.1016/j.sigpro.2011.11.010}}

@article{stoica2011limes,
	Author = {Stoica, P. and Babu, P.},
	Doi = {10.1109/TSP.2011.2168221},
	Issn = {1053-587X},
	Journal = IEEETSP,
	Month = {Dec.},
	Number = {12},
	Pages = {5746-5758},
	Title = {Maximum-Likelihood Nonparametric Estimation of Smooth Spectra From Irregularly Sampled Data},
	Volume = {59},
	Year = {2011},
	Bdsk-Url-1 = {http://dx.doi.org/10.1109/TSP.2011.2168221}}

@article{stoica2011separable,
	Author = {Stoica, P. and Babu, P. and Li , J.},
	Doi = {10.1109/TSP.2010.2086452},
	Issn = {1053-587X},
	Journal = IEEETSP,
	Month = {Jan.},
	Number = {1},
	Pages = {35-47},
	Title = {New Method of Sparse Parameter Estimation in Separable Models and Its Use for Spectral Analysis of Irregularly Sampled Data},
	Volume = {59},
	Year = {2011},
	Bdsk-Url-1 = {http://dx.doi.org/10.1109/TSP.2010.2086452}}

@article{stoica2011spice,
	Author = {Stoica, P. and Babu, P. and Jian Li},
	Doi = {10.1109/TSP.2010.2090525},
	Issn = {1053-587X},
	Journal = IEEETSP,
	Month = {Feb.},
	Number = {2},
	Pages = {629-638},
	Title = {{SPICE}: A Sparse Covariance-Based Estimation Method for Array Processing},
	Volume = {59},
	Year = {2011},
	Bdsk-Url-1 = {http://dx.doi.org/10.1109/TSP.2010.2090525}}

@inproceedings{stoica2011spiceicassp,
	Author = {Stoica, P. and Babu, P. and Li, J.},
	Booktitle = ICASSP,
	Doi = {10.1109/ICASSP.2011.5947077},
	Issn = {1520-6149},
	Pages = {2844-2847},
	Title = {A sparse covariance-based method for direction of arrival estimation},
	Year = {2011},
	Bdsk-Url-1 = {http://dx.doi.org/10.1109/ICASSP.2011.5947077}}

@book{stoica,
	Author = {Stoica, P. and Moses, R. L.},
	Publisher = {Pearson/Prentice Hall},
	Title = {Spectral analysis of signals},
	Year = {2005}}

@article{stoica2004order,
	Author = {Stoica, P. and Selen, Y.},
	Doi = {10.1109/MSP.2004.1311138},
	Issn = {1053-5888},
	Journal = IEEESPM,
	Month = {Jul.},
	Number = {4},
	Pages = {36-47},
	Title = {Model-order selection: a review of information criterion rules},
	Volume = {21},
	Year = {2004},
	Bdsk-Url-1 = {http://dx.doi.org/10.1109/MSP.2004.1311138}}

@inproceedings{suh2010interferencealignment,
	Author = {Changho Suh and Ho, M. and Tse, D.},
	Booktitle = GLOBECOM,
	Doi = {10.1109/GLOCOM.2010.5684033},
	Issn = {1930-529X},
	Month = {Dec.},
	Pages = {1-5},
	Title = {Downlink Interference Alignment},
	Year = {2010},
	Bdsk-Url-1 = {http://dx.doi.org/10.1109/GLOCOM.2010.5684033}}

@inproceedings{suh2008cellular,
	Author = {Changho Suh and Tse, D.},
	Booktitle = {Communication, Control, and Computing, 2008 46th Annual Allerton Conf. on},
	Doi = {10.1109/ALLERTON.2008.4797673},
	Month = {Sep.},
	Pages = {1037-1044},
	Title = {Interference Alignment for Cellular Networks},
	Year = {2008},
	Bdsk-Url-1 = {http://dx.doi.org/10.1109/ALLERTON.2008.4797673}}

@article{sun2005snr,
	Author = {Sun, J. and Valenti, M. C.},
	Doi = {10.1109/TCOMM.2005.851586},
	Issn = {0090-6778},
	Journal = IEEETCOM,
	Month = {Jul.},
	Number = {7},
	Pages = {1136-1144},
	Title = {Joint synchronization and SNR estimation for turbo codes in AWGN channels},
	Volume = {53},
	Year = {2005},
	Bdsk-Url-1 = {http://dx.doi.org/10.1109/TCOMM.2005.851586}}

@article{taherpour2008wideband,
	Author = {Taherpour, A. and Gazor, S. and Nasiri-Kenari, M.},
	Doi = {10.1049/iet-com:20070410},
	Issn = {1751-8628},
	Journal = {IET Commun.},
	Month = {Jul.},
	Number = {6},
	Pages = {763-771},
	Title = {Wideband spectrum sensing in unknown white {G}Aussian noise},
	Volume = {2},
	Year = {2008},
	Bdsk-Url-1 = {http://dx.doi.org/10.1049/iet-com:20070410}}

@article{taherpour2010multipleantenna,
	Author = {Taherpour, A. and Nasiri-Kenari, M. and Gazor, S.},
	Journal = IEEETWC,
	Number = {2},
	Pages = {814--823},
	Publisher = {IEEE},
	Title = {Multiple antenna spectrum sensing in cognitive radios},
	Volume = {9},
	Year = {2010}}

@inproceedings{talakoub2005snr,
	Author = {Talakoub, S. and Shahrrava, B.},
	Booktitle = {Wireless Commun. and Networking Conf., 2005 IEEE},
	Doi = {10.1109/WCNC.2005.1424662},
	Issn = {1525-3511},
	Month = {Mar.},
	Pages = {1097-1102 Vol. 2},
	Title = {Turbo equalization with iterative online SNR estimation},
	Volume = {2},
	Year = {2005},
	Bdsk-Url-1 = {http://dx.doi.org/10.1109/WCNC.2005.1424662}}

@article{tandra2008snrwalls,
	Author = {Tandra, R. and Sahai, A.},
	Journal = IEEEJSTSP,
	Number = {1},
	Pages = {4--17},
	Publisher = {IEEE},
	Title = {{SNR} walls for signal detection},
	Volume = {2},
	Year = {2008}}

@inproceedings{tian2007wideband,
	Author = {Tian, Z. and Giannakis, G. B.},
	Booktitle = ICASSP,
	Doi = {10.1109/ICASSP.2007.367330},
	Issn = {1520-6149},
	Month = {Apr.},
	Pages = {IV-1357-IV-1360},
	Title = {Compressed Sensing for Wideband Cognitive Radios},
	Volume = {4},
	Year = {2007},
	Bdsk-Url-1 = {http://dx.doi.org/10.1109/ICASSP.2007.367330}}

@inproceedings{tian2006waveletsensing,
	Author = {Tian, Z. and Giannakis, G. B.},
	Booktitle = CROWNCOM,
	Doi = {10.1109/CROWNCOM.2006.363459},
	Month = {Jun.},
	Pages = {1-5},
	Title = {A Wavelet Approach to Wideband Spectrum Sensing for Cognitive Radios},
	Year = {2006},
	Bdsk-Url-1 = {http://dx.doi.org/10.1109/CROWNCOM.2006.363459}}

@inproceedings{tian2010compressed,
	Author = {Tian, Z. and Leus, G. and Lottici, V.},
	Booktitle = SPAWC,
	Doi = {10.1109/SPAWC.2010.5670984},
	Issn = {1948-3244},
	Month = {Jun.},
	Pages = {1-5},
	Title = {Compressed sensing techniques for dynamic resource allocation in wideband cognitive networks},
	Year = {2010},
	Bdsk-Url-1 = {http://dx.doi.org/10.1109/SPAWC.2010.5670984}}

@article{tian2012feature,
	Author = {Tian, Z. and Tafesse, Y. and Sadler, B. M.},
	Doi = {10.1109/JSTSP.2011.2181940},
	Issn = {1932-4553},
	Journal = IEEEJSTSP,
	Month = {Feb.},
	Number = {1},
	Pages = {58-69},
	Title = {Cyclic Feature Detection With Sub-Nyquist Sampling for Wideband Spectrum Sensing},
	Volume = {6},
	Year = {2012},
	Bdsk-Url-1 = {http://dx.doi.org/10.1109/JSTSP.2011.2181940}}

@article{tong2002text,
	Author = {Tong, S. and Koller, D.},
	Journal = {Journal of Machine Learning Research},
	Pages = {45--66},
	Publisher = {JMLR. org},
	Title = {Support vector machine active learning with applications to text classification},
	Volume = {2},
	Year = {2002}}

@incollection{toubia2007conjoint,
	Author = {Toubia, O. and Evgeniou, T. and Hauser, J.},
	Booktitle = {Conjoint Measurement},
	Pages = {231--258},
	Publisher = {Springer},
	Title = {Optimization-based and machine-learning methods for conjoint analysis: Estimation and question design},
	Year = {2007}}

@article{treichler1983cmmultipath,
	Author = {Treichler, J. and Agee, B.},
	Journal = {Acoustics, Speech and Signal Process., IEEE Trans. on},
	Number = {2},
	Pages = {459--472},
	Publisher = {IEEE},
	Title = {A new approach to multipath correction of constant modulus signals},
	Volume = {31},
	Year = {1983}}

@article{tropp2004greed,
	Author = {Tropp, J. A.},
	Doi = {10.1109/TIT.2004.834793},
	Issn = {0018-9448},
	Journal = IEEETIT,
	Month = {Oct.},
	Number = {10},
	Pages = {2231-2242},
	Title = {Greed is good: algorithmic results for sparse approximation},
	Volume = {50},
	Year = {2004},
	Bdsk-Url-1 = {http://dx.doi.org/10.1109/TIT.2004.834793}}

@article{tropp2007omp,
	Author = {Tropp, J. A. and Gilbert, A.C.},
	Doi = {10.1109/TIT.2007.909108},
	Issn = {0018-9448},
	Journal = IEEETIT,
	Month = {Dec.},
	Number = {12},
	Pages = {4655-4666},
	Title = {Signal Recovery From Random Measurements Via Orthogonal Matching Pursuit},
	Volume = {53},
	Year = {2007},
	Bdsk-Url-1 = {http://dx.doi.org/10.1109/TIT.2007.909108}}

@article{tropp2010beyond,
	Author = {Tropp, J. A. and Laska, J. N. and Duarte, M. F. and Romberg, J. K. and Baraniuk, R. G.},
	Doi = {10.1109/TIT.2009.2034811},
	Issn = {0018-9448},
	Journal = IEEETIT,
	Month = {Jan.},
	Number = {1},
	Pages = {520-544},
	Title = {Beyond {N}yquist: Efficient Sampling of Sparse Bandlimited Signals},
	Volume = {56},
	Year = {2010},
	Bdsk-Url-1 = {http://dx.doi.org/10.1109/TIT.2009.2034811}}

@article{Tsatsanis1996,
	Author = {Tsatsanis, M.K. and Giannakis, G. B. and Zhou, G.},
	Journal = {Signal Process.},
	Number = {2-3},
	Pages = {211--229},
	Publisher = {Elsevier},
	Title = {Estimation and equalization of fading channels with random coefficients* 1},
	Volume = {53},
	Year = {1996}}

@article{tsatsanis1996kalman,
	Author = {Tsatsanis, M.K. and Giannakis, G. B. and Zhou, G.},
	Journal = {Signal Process.},
	Number = {2-3},
	Pages = {211--229},
	Publisher = {Elsevier},
	Title = {Estimation and equalization of fading channels with random coefficients* 1},
	Volume = {53},
	Year = {1996}}

@article{tsatsanis1996rapidly,
	Author = {Tsatsanis, M. K. and Giannakis, G. B.},
	Issn = {1099-1115},
	Journal = {Int. J. Adaptive Control Signal Process.},
	Number = {2-3},
	Pages = {159--176},
	Publisher = {Wiley Subscription Services, Inc., A Wiley Company},
	Title = {Modelling and equalization of rapidly fading channels},
	Volume = {10},
	Year = {1996}}

@article{tsatsanis1996bem,
	Author = {Tsatsanis, M. K. and Giannakis, G. B.},
	Doi = {10.1002/(SICI)1099-1115(199603)10:2/3<159::AID-ACS346>3.0.CO;2-M},
	Issn = {1099-1115},
	Journal = {Int. J. Adaptive Control Signal Process.},
	Keywords = {equalization, fading channels, time-varying systems, cyclostationary signals},
	Number = {2-3},
	Pages = {159--176},
	Publisher = {Wiley Subscription Services, Inc., A Wiley Company},
	Title = {Modelling and equalization of rapidly fading channels},
	Url = {http://dx.doi.org/10.1002/(SICI)1099-1115(199603)10:2/3<159::AID-ACS346>3.0.CO;2-M},
	Volume = {10},
	Year = {1996},
	Bdsk-Url-1 = {http://dx.doi.org/10.1002/(SICI)1099-1115(199603)10:2/3%3C159::AID-ACS346%3E3.0.CO;2-M}}

@article{tuchler2011equalization,
	Author = {Tuchler, M. and Singer, A. C.},
	Doi = {10.1109/TIT.2010.2096033},
	Issn = {0018-9448},
	Journal = IEEETIT,
	Month = {feb.},
	Number = {2},
	Pages = {920-952},
	Title = {Turbo Equalization: An Overview},
	Volume = {57},
	Year = {2011},
	Bdsk-Url-1 = {http://dx.doi.org/10.1109/TIT.2010.2096033}}

@inproceedings{tugnait2011autocorrelation,
	Author = {Tugnait, J.K.},
	Booktitle = ICASSP,
	Doi = {10.1109/ICASSP.2011.5946274},
	Issn = {1520-6149},
	Pages = {2944-2947},
	Title = {On autocorrelation-based multiantenna spectrum sensing for cognitive radios in unknown noise},
	Year = {2011},
	Bdsk-Url-1 = {http://dx.doi.org/10.1109/ICASSP.2011.5946274}}

@inproceedings{tugnait2011multichannel,
	Author = {Tugnait, J.K.},
	Booktitle = SPAWC,
	Doi = {10.1109/SPAWC.2011.5990374},
	Issn = {1948-3244},
	Month = {Jun.},
	Pages = {111-115},
	Title = {Multichannel spectrum sensing via multivariate power spectrum analysis},
	Year = {2011},
	Bdsk-Url-1 = {http://dx.doi.org/10.1109/SPAWC.2011.5990374}}

@inproceedings{jitendra2010widebandpsd,
	Author = {Tugnait, J.K.},
	Booktitle = ASILOMAR,
	Doi = {10.1109/ACSSC.2010.5757492},
	Issn = {1058-6393},
	Month = {Nov.},
	Pages = {175-179},
	Title = {Wideband spectrum sensing for cognitive radios in unknown noise via power spectrum analysis},
	Year = {2010},
	Bdsk-Url-1 = {http://dx.doi.org/10.1109/ACSSC.2010.5757492}}

@inproceedings{ureten2007comparison,
	Author = {Ureten, S. and Yongacoglu, A and Petriu, E.},
	Booktitle = {Proc. Int. Conf. Commun.},
	Doi = {10.1109/ICC.2012.6364111},
	Issn = {1550-3607},
	Month = {Jun.},
	Pages = {1879-1883},
	Title = {A comparison of interference cartography generation techniques in cognitive radio networks},
	Year = {2012},
	Bdsk-Url-1 = {http://dx.doi.org/10.1109/ICC.2012.6364111}}

@phdthesis{gonzalo2011thesis,
	Author = {V\'azquez-Vilar, G.},
	Month = {Jun.},
	School = {University of Vigo},
	Title = {Interference and Network Management in Cognitive Communication Systems},
	Year = {2011}}

@article{vazquez2011guardbands,
	Author = {V\'azquez-Vilar, G. and L\'opez-Valcarce, R.},
	Journal = IEEETSP,
	Number = {12},
	Pages = {6045-6057},
	Publisher = {IEEE},
	Title = {Spectrum sensing exploiting guard bands and weak channels},
	Volume = {59},
	Year = {2011}}

@inproceedings{gonzalo2011diversity,
	Author = {V\'azquez-Vilar, G. and L\'opez-Valcarce, R. and Pandharipande, A.},
	Booktitle = ICASSP,
	Doi = {10.1109/ICASSP.2011.5946272},
	Issn = {1520-6149},
	Pages = {2936-2939},
	Title = {Detection diversity of multiantenna spectrum sensors},
	Year = {2011},
	Bdsk-Url-1 = {http://dx.doi.org/10.1109/ICASSP.2011.5946272}}

@inproceedings{gonzalo2010compressed,
	Author = {V\'azquez-Vilar, G. and L{\'o}pez-Valcarce, R. and Mosquera, C. and Gonz{\'a}lez-Prelcic, N.},
	Booktitle = ICASSP,
	Pages = {2958--2961},
	Title = {Wideband spectral estimation from compressed measurements exploiting spectral a priori information in Cognitive Radio systems},
	Year = {2010}}

@article{vazquez2011spectralinfo,
	Author = {G. V\'azquez-Vilar and R. L{\'o}pez-Valcarce and J. Sala},
	Journal = IEEETWC,
	Month = {Dec.},
	Number = {12},
	Pages = {4345--4355},
	Title = {Multiantenna Spectrum Sensing Exploiting Spectral a priori Information},
	Volume = {10},
	Year = {2011}}

@book{vaidyanathan,
	Author = {Vaidyanathan, P. P.},
	Publisher = {Pearson Education Taiwan},
	Title = {Multirate systems and filter banks},
	Year = {2003}}

@article{vaidyanathan2011coprime,
	Author = {Vaidyanathan, P. P. and Pal, P.},
	Journal = IEEETSP,
	Number = {2},
	Pages = {573--586},
	Publisher = {IEEE},
	Title = {Sparse sensing with co-prime samplers and arrays},
	Volume = {59},
	Year = {2011}}

@book{vantrees4,
	Author = {Van Trees, H. L.},
	Publisher = {John Wiley \& Sons},
	Title = {Detection, Estimation, and Modulation Theory, Optimum Array Processing},
	Year = {2004}}

@book{vapnik2000nature,
	Author = {Vapnik, V.},
	Publisher = {springer},
	Title = {The nature of statistical learning theory},
	Year = {2000}}

@book{varshney1997distributed,
	Author = {Varshney, P. K. and Burrus, C. S.},
	Publisher = {Springer Verlag},
	Title = {Distributed detection and data fusion},
	Year = {1997}}

@article{vecchio2011evolutionary,
	Author = {Vecchio, M. and L\'opez-Valcarce, R. and Marcelloni, F.},
	Journal = {Applied Soft Comput.},
	Publisher = {Elsevier},
	Title = {A Two-Objective Evolutionary Approach based on Topological Constraints for Node Localization in Wireless Sensor Networks},
	Year = {2011}}

@article{venkataramani2000multiband,
	Author = {Venkataramani, R. and Bresler, Y.},
	Doi = {10.1109/18.868487},
	Issn = {0018-9448},
	Journal = IEEETIT,
	Month = {Sep},
	Number = {6},
	Pages = {2173-2183},
	Title = {Perfect reconstruction formulas and bounds on aliasing error in sub-{N}Yquist nonuniform sampling of multiband signals},
	Volume = {46},
	Year = {2000},
	Bdsk-Url-1 = {http://dx.doi.org/10.1109/18.868487}}

@article{venkateswaran2010beamforming,
	Author = {Venkateswaran, V. and van der Veen, A. J.},
	Doi = {10.1109/TSP.2010.2048321},
	Issn = {1053-587X},
	Journal = IEEETSP,
	Number = {8},
	Pages = {4131-4143},
	Title = {Analog Beamforming in {MIMO} Communications With Phase Shift Networks and Online Channel Estimation},
	Volume = {58},
	Year = {2010},
	Bdsk-Url-1 = {http://dx.doi.org/10.1109/TSP.2010.2048321}}

@article{vertatschitsch1986nonredundant,
	Author = {Vertatschitsch, E. and Haykin, S.},
	Doi = {10.1109/PROC.1986.13435},
	Issn = {0018-9219},
	Journal = PROCIEEE,
	Number = {1},
	Pages = {217-217},
	Title = {Nonredundant arrays},
	Volume = {74},
	Year = {1986},
	Bdsk-Url-1 = {http://dx.doi.org/10.1109/PROC.1986.13435}}

@article{villares2007gaussianassumption,
	Author = {Villares, J. and V{\'a}zquez, G.},
	Issn = {1053-587X},
	Journal = IEEETSP,
	Number = {10},
	Pages = {4994--5002},
	Publisher = {IEEE},
	Title = {{The {G}Aussian assumption in second-order estimation problems in digital communications}},
	Volume = {55},
	Year = {2007}}

@book{wahba1990splinemodels,
	Author = {Wahba, G.},
	Publisher = {SIAM},
	Series = {CBMS-NSF Regional Conference Series in Applied Mathematics},
	Title = {Spline Models for Observational Data},
	Volume = {59},
	Year = {1990}}

@article{wakin2012nonuniform,
	Author = {Wakin, M. and Becker, S. and Nakamura, E. and Grant, M. and Sovero, E. and Ching, D. and Y. Juhwan and Romberg, J. and Emami-Neyestanak, A. and Cand\`{e}s, E.},
	Doi = {10.1109/JETCAS.2012.2214635},
	Issn = {2156-3357},
	Journal = {Emerging Select. Topics Circuits Syst., IEEE J. on},
	Number = {3},
	Pages = {516-529},
	Title = {A Nonuniform Sampler for Wideband Spectrally-Sparse Environments},
	Volume = {2},
	Year = {2012},
	Bdsk-Url-1 = {http://dx.doi.org/10.1109/JETCAS.2012.2214635}}

@article{wang1985widebanddoa,
	Author = {Wang, H. and Kaveh, M.},
	Doi = {10.1109/TASSP.1985.1164667},
	File = {:/home/dani/thesis/bib/papers/array_processing/wang1985widebanddoa.pdf:PDF},
	Issn = {0096-3518},
	Journal = IEEETASSP,
	Keywords = {Direction of arrival estimation;Frequency domain analysis;Maximum likelihood detection;Maximum likelihood estimation;Narrowband;Position measurement;Propagation delay;Sensor arrays;Signal processing;Wideband},
	Number = {4},
	Owner = {dani},
	Pages = {823-831},
	Title = {Coherent signal-subspace processing for the detection and estimation of angles of arrival of multiple wide-band sources},
	Volume = {33},
	Year = {1985},
	Bdsk-Url-1 = {http://dx.doi.org/10.1109/TASSP.1985.1164667}}

@article{wang2010multiantenna,
	Author = {Wang, P. and Fang, J. and Han, N. and Li, H.},
	Doi = {10.1109/TVT.2009.2037912},
	Issn = {0018-9545},
	Journal = IEEETVT,
	Month = {May},
	Number = {4},
	Pages = {1791-1800},
	Title = {Multiantenna-Assisted Spectrum Sensing for Cognitive Radio},
	Volume = {59},
	Year = {2010},
	Bdsk-Url-1 = {http://dx.doi.org/10.1109/TVT.2009.2037912}}

@inproceedings{wang2001deformation,
	Address = {Vancouver, Canada},
	Author = {Wang, S. and Zhu, W. and Liang, Z.-P.},
	Booktitle = {Proc. Int. Conf. Comput. Vis.},
	Pages = {209--216},
	Title = {Shape deformation: {SVM} regression and application to medical image segmentation},
	Volume = {2},
	Year = {2001}}

@inproceedings{wang2010spacetime,
	Author = {Wang, Y. and Leus, G.},
	Booktitle = SAM,
	Doi = {10.1109/SAM.2010.5606759},
	Issn = {1551-2282},
	Pages = {33-36},
	Title = {Space-time compressive sampling array},
	Year = {2010},
	Bdsk-Url-1 = {http://dx.doi.org/10.1109/SAM.2010.5606759}}

@inproceedings{wang2009compressivearray,
	Author = {Wang, Y. and Leus, G. and Pandharipande, A.},
	Booktitle = SSP,
	Doi = {10.1109/SSP.2009.5278497},
	Pages = {626-629},
	Title = {Direction estimation using compressive sampling array processing},
	Year = {2009},
	Bdsk-Url-1 = {http://dx.doi.org/10.1109/SSP.2009.5278497}}

@inproceedings{wang2010mvdr,
	Author = {Wang, Y. and Pandharipande, A. and Leus, G.},
	Booktitle = CIP,
	Doi = {10.1109/CIP.2010.5604239},
	Month = {Jun.},
	Pages = {333-337},
	Title = {Compressive sampling based {MVDR} spectrum sensing},
	Year = {2010},
	Bdsk-Url-1 = {http://dx.doi.org/10.1109/CIP.2010.5604239}}

@inproceedings{wang2010manetlocalization,
	Author = {Zhonghai Wang and Zekavat, S.A.},
	Booktitle = {Telecommunications (ICT), 2010 IEEE 17th Int. Conf. on},
	Doi = {10.1109/ICTEL.2010.5478823},
	Month = {Apr.},
	Pages = {836-842},
	Title = {A new TOA-DOA node localization for mobile ad-hoc networks: Achieving high performance and low complexity},
	Year = {2010},
	Bdsk-Url-1 = {http://dx.doi.org/10.1109/ICTEL.2010.5478823}}

@article{wang2010semidistributed,
	Author = {Zhonghai Wang and Zekavat, S.A.},
	Doi = {10.1109/TVT.2009.2014456},
	Issn = {0018-9545},
	Journal = {IEEETVT},
	Month = {Sep.},
	Number = {7},
	Pages = {3426-3435},
	Title = {A Novel Semidistributed Localization Via Multinode TOA x2013;DOA Fusion},
	Volume = {58},
	Year = {2009},
	Bdsk-Url-1 = {http://dx.doi.org/10.1109/TVT.2009.2014456}}

@article{wichmann1963difference,
	Author = {Wichmann, B.},
	Journal = {J. London Math. Society},
	Number = {1},
	Pages = {465--466},
	Publisher = {Oxford University Press},
	Title = {A note on restricted difference bases},
	Volume = {s1-s38},
	Year = {1963}}

@article{wiesel2006timevarying,
	Author = {Wiesel, A. and Goldberg, J. and Messer-Yaron, H.},
	Doi = {10.1109/TCOMM.2006.873995},
	Issn = {0090-6778},
	Journal = IEEETCOM,
	Month = {May},
	Number = {5},
	Pages = {841-848},
	Title = {SNR estimation in time-varying fading channels},
	Volume = {54},
	Year = {2006},
	Bdsk-Url-1 = {http://dx.doi.org/10.1109/TCOMM.2006.873995}}

@inproceedings{wijsman1967orbits,
	Author = {Wijsman, R.A.},
	Booktitle = {Proc. Fifth Berkeley Symp. Math. Statist. Prob},
	Pages = {389--400},
	Title = {Cross-sections of orbits and their application to densities of maximal invariants},
	Volume = {1},
	Year = {1967}}

@article{wild1987difference,
	Author = {Wild, P.},
	File = {:/home/dani/thesis/docear/../bib/array_processing/wild1987difference.pdf:PDF},
	Journal = {Discrete mathematics},
	Number = {1},
	Pages = {81--90},
	Publisher = {Elsevier},
	Title = {Difference basis systems},
	Volume = {63},
	Year = {1987}}

@article{wilks1932generalizations,
	Author = {Wilks, S. S.},
	Journal = {Biometrika},
	Pages = {471--494},
	Publisher = {JSTOR},
	Title = {Certain generalizations in the analysis of variance},
	Year = {1932}}

@article{xia1999undersampled,
	Author = {Xia, X.-G.},
	Journal = IEEETSP,
	Number = {12},
	Pages = {3417--3419},
	Title = {On estimation of multiple frequencies in undersampled complex valued waveforms},
	Volume = {47},
	Year = {1999}}

@inproceedings{xu2008distributed,
	Author = {Cuichun Xu and Kay, S.},
	Booktitle = {Proc. Radar Conf., 2008. RADAR '08. IEEE},
	Doi = {10.1109/RADAR.2008.4721029},
	Issn = {1097-5659},
	Month = {May},
	Pages = {1-6},
	Title = {On centralized composite detection with distributed sensors},
	Year = {2008},
	Bdsk-Url-1 = {http://dx.doi.org/10.1109/RADAR.2008.4721029}}

@inproceedings{xu2008wmwideband,
	Author = {Xu, S. and Shang, Y. and Wang, H.},
	Booktitle = {Proc. Int. Conf. Sig. Process. Commun. Syst.},
	Pages = {1--7},
	Title = {Application of {SVD} to sense wireless microphone signals in a wideband cognitive radio network},
	Year = {2008}}

@article{yen2013subnyquist,
	Author = {Yen, C. P. and Tsai, Y. and Wang, X.},
	Doi = {10.1109/TSP.2013.2251342},
	Issn = {1053-587X},
	Journal = IEEETSP,
	Number = {12},
	Pages = {3028-3040},
	Title = {Wideband Spectrum Sensing Based on Sub-{N}Yquist Sampling},
	Volume = {61},
	Year = {2013},
	Bdsk-Url-1 = {http://dx.doi.org/10.1109/TSP.2013.2251342}}

@inproceedings{yoo2012implementation,
	Author = {Yoo, J. and Becker, S. and Monge, M. and Loh, M. and Candes, E. and Emami-Neyestanak, A.},
	Booktitle = ICASSP,
	Doi = {10.1109/ICASSP.2012.6289123},
	Issn = {1520-6149},
	Month = {Mar.},
	Pages = {5325-5328},
	Title = {Design and implementation of a fully integrated compressed-sensing signal acquisition system},
	Year = {2012},
	Bdsk-Url-1 = {http://dx.doi.org/10.1109/ICASSP.2012.6289123}}

@article{yu2010convergence,
	Author = {Yu, Y.},
	Journal = {Annals Stat.},
	Number = {3},
	Pages = {1593--1606},
	Publisher = {Institute of Mathematical Statistics},
	Title = {Monotonic convergence of a general algorithm for computing optimal designs},
	Volume = {38},
	Year = {2010}}

@article{yu2011design,
	Author = {Yu, Y. and Petropulu, A. P. and Poor, H. V.},
	Journal = IEEETSP,
	Number = {11},
	Pages = {5338--5352},
	Publisher = {IEEE},
	Title = {Measurement Matrix Design for Compressive Sensing-Based MIMO Radar},
	Volume = {59},
	Year = {2011}}

@article{yucek2009surveysensing,
	Author = {Yucek, T. and Arslan, H.},
	Doi = {10.1109/SURV.2009.090109},
	Issn = {1553-877X},
	Journal = {IEEE Commun. Surveys Tutorials},
	Number = {1},
	Pages = {116-130},
	Title = {A survey of spectrum sensing algorithms for cognitive radio applications},
	Volume = {11},
	Year = {2009},
	Bdsk-Url-1 = {http://dx.doi.org/10.1109/SURV.2009.090109}}

@article{zanella2009marginal,
	Author = {Zanella, A. and Chiani, M. and Win, M. Z.},
	Doi = {10.1109/TCOMM.2009.04.070143},
	Issn = {0090-6778},
	Journal = IEEETCOM,
	Number = {4},
	Pages = {1050-1060},
	Title = {On the marginal distribution of the eigenvalues of {W}ishart matrices},
	Volume = {57},
	Year = {2009},
	Bdsk-Url-1 = {http://dx.doi.org/10.1109/TCOMM.2009.04.070143}}

@article{Zemen2005,
	Author = {Zemen, T. and Mecklenbrauker, C. F.},
	Journal = IEEETSP,
	Month = {Sep.},
	Number = {9},
	Pages = {3597--3607},
	Title = {Time-variant channel estimation using discrete prolate spheroidal sequences},
	Volume = {53},
	Year = {2005}}

@article{zemen2005prolate,
	Author = {Zemen, T. and Mecklenbrauker, C. F.},
	Journal = IEEETSP,
	Month = {Sep.},
	Number = {9},
	Pages = {3597--3607},
	Title = {Time-variant channel estimation using discrete prolate spheroidal sequences},
	Volume = {53},
	Year = {2005}}

@article{zeng2009covariances,
	Author = {Zeng, Y. and Liang, Y. C.},
	Journal = IEEETVT,
	Number = {4},
	Pages = {1804--1815},
	Publisher = {IEEE},
	Title = {Spectrum-sensing algorithms for cognitive radio based on statistical covariances},
	Volume = {58},
	Year = {2009}}

@article{zeng2009eigenvalue,
	Author = {Zeng, Y. and Liang, Y. C.},
	Journal = IEEETCOM,
	Number = {6},
	Pages = {1784--1793},
	Publisher = {IEEE},
	Title = {Eigenvalue-based spectrum sensing algorithms for cognitive radio},
	Volume = {57},
	Year = {2009}}

@article{zhang2010multiantenna,
	Author = {Rui Zhang and Teng Lim and Ying-Chang Liang and Yonghong Zeng},
	Doi = {10.1109/TCOMM.2010.01.080158},
	Issn = {0090-6778},
	Journal = {IEEETCOM},
	Month = {january},
	Number = {1},
	Pages = {84-88},
	Title = {Multi-antenna based spectrum sensing for cognitive radios: A GLRT approach},
	Volume = {58},
	Year = {2010},
	Bdsk-Url-1 = {http://dx.doi.org/10.1109/TCOMM.2010.01.080158}}

@article{zhao2007survey,
	Author = {Zhao, Q. and Sadler, B. M.},
	Journal = IEEESPM,
	Number = {3},
	Pages = {79--89},
	Publisher = {IEEE},
	Title = {A survey of dynamic spectrum access},
	Volume = {24},
	Year = {2007}}

@article{bazerque2013basispursuit,
	Author = {Bazerque, J.-A. and Giannakis, G. B.},
	Journal = IEEESPM,
	Month = {Jul.},
	Number = {30},
	Pages = {112--125},
	Publisher = {IEEE},
	Title = {Nonparametric basis pursuit via kernel-based learning},
	Volume = {28},
	Year = {2013}}

@article{jbgg2013spmag,
	Author = {Bazerque, J.-A. and Giannakis, G. B.},
	Journal = IEEESPM,
	Number = {30},
	Pages = {112--125},
	Publisher = {IEEE},
	Title = {Nonparametric basis pursuit via kernel-based learning},
	Volume = {28},
	Year = {2013}}

@article{zhu2011tls,
	Author = {Hao Zhu and Leus, G. and Giannakis, G. B.},
	Doi = {10.1109/TSP.2011.2109956},
	Issn = {1053-587X},
	Journal = IEEETSP,
	Month = {May},
	Number = {5},
	Pages = {2002-2016},
	Title = {Sparsity-Cognizant Total Least-Squares for Perturbed Compressive Sampling},
	Volume = {59},
	Year = {2011},
	Bdsk-Url-1 = {http://dx.doi.org/10.1109/TSP.2011.2109956}}

@book{hlawatsch,
	Address = {Oxford, UK},
	Editor = {Hlawatsch, F. and Matz, G.},
	Publisher = {Academic Press},
	Title = {Wireless communications over rapidly time-varying channels},
	Year = {2011}}

@article{a,
	Owner = {dani},
	Timestamp = {2013.12.10}}

@article{fccwmfreq,
	Author = {Federal\textcolor{white}{u}Communications\textcolor{white}{u}Commission},
	Journal = {47 CFR Chapter I, Subchapter C, Part 74, Subpart H, point 74.802},
	Title = {Frequency assignment for low power auxiliary stations},
	Year = {2012}}

@article{fcc2011order,
	Author = {Federal\textcolor{white}{u}Communications\textcolor{white}{u}Commission},
	Journal = {Unlicensed Operation in the TV Broadcast Bands},
	Title = {{FCC} 11-131},
	Year = {2011}}

@article{fcc2010second,
	Author = {Federal\textcolor{white}{u}Communications\textcolor{white}{u}Commission},
	Journal = {Unlicensed Operation in the TV Broadcast Bands},
	Title = {{FCC} 10-174},
	Year = {2010}}

@article{fcc2008unlicensed,
	Author = {Federal\textcolor{white}{u}Communications\textcolor{white}{u}Commission},
	Journal = {Unlicensed Operation in the TV Broadcast Bands},
	Title = {{FCC} 08-260},
	Year = {2008}}

@article{ieee80222,
	Author = {IEEE},
	Month = {Jul.},
	Title = {{IEEE} 802.22 standard: {C}ognitive wireless {RAN} medium access control ({MAC}) and physical layer ({PHY}) specifications: policies and procedures for operation in the {TV} bands},
	Year = {2011}}
